2444 3908
137 128 202 193 252
511 127 542 193 Q.
563 128 673 183 OURTI
690 128 776 182 RUFI

137 276 242 355 erant,
273 273 412 356 undique
444 272 484 337 ed
515 294 614 337 naves
648 270 766 355 trepidi
798 275 832 335 ot
862 269 1029 354 inproviso
1060 271 1153 336 malo

85 372 117 420 12
136 360 269 426 attoniti
294 363 471 424 recurrunt.
518 358 580 425 Sed
606 359 642 423 in
663 359 806 424 tumultu
829 358 994 423 festinatio
1019 380 1154 443 quoquc

136 448 231 513 tarda
252 452 310 512 est.
346 447 391 512 Hi
410 448 514 512 contis
533 447 664 532 navigia
681 447 854 531 pellebant,
877 445 921 529 hi,
944 446 1020 511 dum
1038 469 1153 512 remos

86 546 117 595 13
137 535 244 620 aptari
267 536 463 618 probabant,
486 535 710 601 consederant:
732 534 862 618 quidam
884 534 1056 618 enavigare
1074 557 1153 619 pro-

136 626 286 707 perantes
306 622 389 704 [sed]
408 645 474 688 non
491 623 682 707 expectatis,
701 623 756 707 qui
774 623 870 686 simul
890 643 959 687 esse
976 623 1153 707 debebant,

137 713 249 776 clauda
268 716 301 776 et
317 710 477 776 inhabilia
493 711 626 794 navigia
643 709 795 793 languide
809 710 1043 775 moliebanturr
1063 711 1153 776 aliae

135 801 267 865 navium
294 799 477 864 inconsulte
503 803 632 863 ruentes
657 820 723 862 non
744 801 933 881 receperant
961 798 1152 883 pariterque

85 898 119 947 14
137 893 170 953 et
192 888 368 953 multitudo
391 890 424 951 et
445 888 593 970 paucitas
618 886 810 950 festinantes
833 886 1030 950 morabatur.
1077 885 1152 951 Gla-

136 998 208 1041 mor
233 975 310 1039 hinc
338 979 518 1059 expectare,
548 974 624 1038 hinc
650 974 698 1039 ire
726 974 906 1039 iubentium
935 973 1151 1059 dissonaeque

135 1086 230 1129 voces
253 1084 415 1146 nusquam
434 1063 519 1126 idem
538 1066 634 1146 atque
653 1084 752 1126 unum
769 1061 970 1126 tendentium
987 1083 1055 1127 non
1073 1083 1151 1128 ocu-

84 1152 243 1216 talorum
266 1151 362 1216 modo
381 1172 485 1234 usum,
508 1151 681 1223 sedetiam
701 1150 827 1214 aurium
846 1149 1060 1215 abstulerant.
1096 1149 1150 1215 Ne

135 1239 170 1303 in
198 1238 469 1321 gubernatoribus
498 1238 629 1321 quidem
656 1238 826 1321 quicquam
855 1238 926 1320 opis
955 1243 1038 1319 erat,
1069 1259 1150 1322 qno-

134 1348 207 1389 rum
237 1347 296 1389 nec
329 1325 472 1389 exaudiri
499 1347 562 1390 ror
586 1348 605 1389 a
627 1325 900 1391 tumultuantibus
932 1329 1061 1410 poterat
1087 1347 1149 1391 neo

84 1425 116 1474 16
136 1413 307 1496 imperium
324 1435 344 1477 a
361 1413 483 1477 territis
502 1413 780 1498 inconpositisque
800 1413 929 1478 servari.
965 1414 1054 1497 Ergo
1074 1435 1149 1478 oon·

135 1501 194 1565 lidi
216 1501 301 1564 inter
323 1522 358 1564 se
380 1522 479 1565 naves
503 1501 746 1586 abstergerique
769 1502 907 1565 invicem
930 1502 1011 1566 remi
1034 1501 1149 1566 etalii

136 1589 275 1653 aliorum
292 1589 425 1672 navigia
443 1609 558 1672 urgere
578 1592 759 1672 coeperunt.
796 1588 949 1654 Crederes
967 1610 1033 1653 non
1050 1589 1148 1654 unius

136 1677 294 1741 exercitus
315 1677 452 1742 classem
470 1677 555 1758 vehi,
578 1677 632 1742 sed
652 1677 788 1741 duorum
806 1677 921 1741 navale
939 1677 1057 1741 initum
1077 1698 1148 1741 esse

84 1777 115 1825 17
136 1769 306 1830 certamen.
337 1763 582 1830 Incutiebantur
598 1766 761 1848 puppibus
775 1787 898 1848 prorae,
916 1765 1148 1849 premebantur

136 1877 155 1919 a
178 1853 396 1938 sequentibus,
424 1854 479 1937 qni
507 1854 731 1918 antecedentes
758 1854 981 1918 turbaverant:
1013 1853 1146 1936 iurgan-
1195 1867 1198 1873 ’

83 1953 117 2002 18
135 1942 218 2006 tium
240 1941 290 2006 ira
311 1940 521 2026 perveniebat
543 1942 643 2006 etiam
666 1940 706 2005 ad
728 1963 852 2005 manus.
885 1939 1018 2025 lamque
1038 1941 1200 2006 aestus3t

135 2034 222 2094 totos
251 2030 335 2094 circa
362 2029 481 2094 flumen
509 2050 638 2111 campos
661 2029 875 2094 inundaverat
897 2028 1031 2093 tumulis
1055 2028 1148 2094 dum-

134 2121 227 2181 taxat
245 2117 461 2182 eminentibus
480 2118 569 2181 velut
586 2116 700 2181 insulis
719 2117 838 2200 parvis,
856 2117 889 2180 in
904 2138 984 2200 quos
998 2115 1147 2200 plerique

84 2217 116 2264 19
135 2205 253 2288 trepidi
286 2204 414 2268 omissis
446 2204 587 2288 navigiis
620 2226 715 2268 enare
749 2208 937 2288 properant.
980 2203 1148 2287 ‚Dispersa

135 2292 248 2357 classis
280 2291 400 2374 partim
432 2291 467 2356 in
496 2292 642 2375 praealta
674 2313 758 2375 aqua
787 2293 910 2369 stabat,
943 2313 1007 2375 qua
1037 2291 1147 2357 subse-

135 2380 249 2445 derant
280 2379 396 2461 valles,
432 2379 551 2462 partim
583 2380 619 2444 in
649 2379 732 2443 vado
768 2379 938 2465 haerebat,
972 2382 1147 2464 utcumque

134 2467 304 2552 inaequale
335 2471 443 2532 terrae
469 2466 639 2552 fastigium
666 2471 900 2550 occupaverant
921 2467 1040 2531 undae:
1072 2489 1147 2532 cum

81 2567 116 2616 eo
135 2556 244 2620 subito
267 2577 370 2620 novus
394 2560 428 2621 et
448 2556 586 2639 pristino
609 2555 712 2619 maior
730 2562 836 2620 terror
853 2556 1017 2621 incutitur.
1053 2554 1148 2621 Reci-

134 2644 262 2726 procari
299 2644 405 2726 coepit
440 2666 529 2708 mare
566 2664 685 2726 magno
722 2646 830 2708 tractu
862 2645 953 2727 aquis
984 2645 1020 2707 in
1051 2665 1147 2708 suum

134 2732 253 2795 fretum
284 2731 523 2796 recurrentibus
554 2731 772 2815 reddebatque
803 2735 907 2796 terras
938 2731 1036 2814 paulo
1069 2735 1147 2797 ante

134 2818 295 2902 profundo
327 2819 396 2883 salo
428 2839 559 2884 mersas.
606 2817 712 2903 Igitur
739 2819 895 2883 destituta
919 2819 1053 2902 navigia
1080 2819 1149 2884 alia

134 2906 387 2991 praecipitantur
419 2907 454 2970 in
477 2927 605 2991 proras,
637 2907 701 2970 alia
728 2907 763 2970 in
789 2907 894 2970 latera
919 2907 1148 2989 procumbunt.

135 2992 237 3060 Strati
265 2998 357 3059 erant
388 2995 494 3078 campi
522 2994 669 3078 sarcinis,
702 2995 813 3075 armis,
844 2995 1029 3060 avulsarum
1047 2995 1146 3059 tabu-

82 3084 242 3147 aliarum
273 3103 497 3165 remorumque
527 3082 726 3166 fragmentis.
766 3081 861 3146 Miles
888 3105 947 3147 nec
975 3082 1086 3166 egredi
1111 3083 1146 3147 in

134 3176 253 3235 terram
271 3170 384 3234 necin
401 3191 483 3235 nave
502 3170 677 3234 subsistere
696 3169 845 3254 audebat,
863 3170 1037 3235 identidem
1054 3192 1146 3254 prae·

134 3257 280 3323 sentibus
309 3257 472 3341 graviora,
500 3279 580 3340 quae
604 3259 827 3340 sequerentur,
852 3262 1033 3340 expectans.
1071 3257 1147 3342 Vix,

134 3368 215 3431 quae
240 3345 515 3429 perpetiebantur,
542 3344 649 3408 videre
676 3345 764 3428 ipsos
788 3344 972 3428 credebant,
999 3346 1035 3409 in
1057 3345 1146 3411 sicco

80 3445 115 3494 22
132 3433 317 3518 naufragia,
339 3433 374 3497 in
396 3433 484 3498 amni
507 3453 603 3497 mare.
638 3431 707 3496 Nec
729 3432 804 3496 finis
827 3433 1001 3497 malorum:
1024 3435 1146 3517 quippe

134 3528 261 3588 aestum
284 3522 380 3603 paulo
404 3524 480 3602 post
501 3542 591 3584 mare
613 3521 799 3605 relaturum,
822 3542 884 3604 quo
907 3520 1041 3605 navigia
1059 3521 1147 3586 adle-
