2444 3908
251 141 503 198 HISTORIARUM
520 142 734 197 ALEXANDRI
753 143 827 212 VIII,
848 149 870 197 1.
890 149 906 197 2
1028 141 1090 206 189

518 336 597 403 Ore.
619 338 660 404 ΙΙ.

50 461 72 525 6
173 458 259 524 Male
295 461 444 526 humanis
480 461 617 546 ingeniis
649 467 766 528 natura
780 459 783 463 ⁴
797 460 971 545 consuluit,
1008 461 1126 546 quedl

85 549 274 632 plerumque
310 570 375 615 non
405 549 528 632 futura,
565 550 621 614 sed
657 553 822 614 transacta
857 549 1093 634 perpendimus.

87 636 210 720 Quippe
242 658 311 720 rex,
343 641 517 722 postquam
548 638 598 702 ira
628 642 736 702 mente
768 639 961 720 decesserat,
994 638 1091 702 etiam

87 725 242 789 ebrietate
269 725 412 790 discussa
439 726 694 809 magnitudinem
721 725 874 791 facinoris
903 747 974 790 sera
999 727 1092 789 aesti·

86 813 229 877 matione
250 815 423 897 perspexit.
468 813 623 896 Videbat,
648 817 726 879 tunc
748 814 920 879 immodica
941 813 1126 878 libertates

87 902 236 984 abusum,
266 902 320 965 sed
354 901 475 985 alioqui
507 903 673 988 egregium
705 902 791 967 bello
822 903 926 966 virum
955 905 1000 983 et,
1030 901 1093 964 nisi

87 989 290 1054 erubesceret
307 989 413 1072 fateri,
432 994 627 1055 servatorem
644 990 694 1054 sui
708 992 856 1055 occisum.
892 989 1092 1054 Detestabile

87 1076 246 1142 carnificis
274 1077 490 1142 ministerium
517 1082 729 1161 occupaverat
754 1100 825 1162 rex,
856 1078 1027 1142 verborum
1055 1076 1093 1141 li·

88 1165 240 1248 centiam,
270 1187 352 1249 quae
379 1167 456 1230 vino
485 1169 613 1250 poterat
638 1167 796 1250 inputari,
828 1166 968 1230 nefanda
996 1164 1093 1229 caede

87 1254 184 1317 ultus.
229 1252 385 1318 Manabat
408 1257 478 1318 toto
501 1254 662 1319 vestibulo
685 1276 779 1319 cruor
802 1255 897 1338 paulo
922 1257 995 1318 ante
1019 1267 1127 1318 con-a

87 1341 193 1405 vivae:
225 1342 339 1426 vigiles
373 1341 515 1407 attoniti
537 1339 575 1422 ¹et'
597 1342 801 1426 stupentibus
830 1342 952 1406 similes
979 1341 1092 1424 procul

87 1430 220 1494 stabant
245 1429 492 1514 liberioremque
521 1431 752 1515 paenitentiam
776 1430 915 1496 solitudo
939 1430 1092 1494 exciebat.

87 1517 176 1603 Ergo
213 1517 343 1583 hastam
380 1540 419 1582 ex
451 1516 585 1602 corpore
618 1519 753 1587 iacentis
786 1518 930 1583 evolsam
961 1517 1128 1596 retorsit4

86 1607 122 1669 in
150 1610 263 1671 semet:
294 1608 423 1690 iamque
452 1605 638 1675 admouerat
668 1603 804 1689 pectori,
837 1628 908 1671 cum
940 1606 1093 1671 advolant

87 1694 202 1776 vigiles
222 1699 254 1758 et
272 1694 466 1778 repugnanti
484 1715 501 1757 e
520 1693 668 1758 manibus
689 1697 881 1777 extorquent
895 1694 1092 1758 adlevatum-

89 1802 149 1864 que
168 1781 204 1844 in
222 1782 468 1846 tabernaculum
486 1780 641 1846 deferunt.
681 1781 742 1844 Ille
765 1781 855 1845 humi
874 1783 1093 1864 prostraverat
1112 1796 1127 1844 5

88 1889 205 1952 corpus
232 1869 356 1954 gemitu
384 1869 568 1953 eiulatuque
590 1869 767 1935 miserabili
789 1872 893 1933 totam
916 1890 1092 1952 personans

87 1958 222 2040 regiam.
258 1955 394 2021 Laniare
417 1956 529 2021 deinde
553 1979 590 2021 os
612 1957 773 2040 unguibus
798 1959 829 2021 et
848 1957 1092 2020 circumstantes

87 2064 217 2128 rogare,
241 2066 282 2110 ne
306 2048 450 2109 retento
469 2045 616 2110 dedecori
635 2045 841 2128 superstitem
860 2066 929 2109 esse
947 2046 1093 2129 pateren-

88 2137 150 2197 tur.
191 2132 282 2197 Inter
300 2133 359 2198 has
377 2154 488 2217 preces
506 2137 578 2199 tota
598 2155 661 2198 nox
679 2136 823 2198 extracta
841 2137 898 2198 est.
945 2130 1092 2197 Scrutan·
1112 2153 1128 2200 a

87 2225 227 2305 temque,
249 2243 327 2287 num
346 2223 396 2286 ira
417 2222 551 2288 deorum
574 2221 758 2287 adtentum
777 2222 869 2286 nefas
889 2224 980 2286 actus
999 2224 1093 2303 esset,

88 2309 176 2373 subit
199 2310 452 2375 anniversarium
472 2309 796 2400 sacrificiuuq‘bibero
820 2308 912 2373 Patri
934 2330 1000 2375 non
1023 2330 1093 2373 esse

88 2397 250 2461 redditum
264 2400 386 2463 statuto
399 2402 558 2482 tempore:
574 2388 696 2482 'itaque'
705 2392 790 2462 inter
808 2398 921 2462 vinum
935 2401 967 2460 et
981 2397 1092 2481 epulas

88 2483 184 2550 caede
207 2486 382 2550 commissa
404 2486 486 2550 iram
506 2487 557 2550 dei
574 2485 674 2549 fuisse
692 2485 908 2549 manifestam.
945 2482 1092 2548 Ceterum
1112 2506 1128 2556 ἰ

88 2572 192 2657 magis
216 2594 254 2638 eo
277 2574 475 2656 movebatur,
499 2573 749 2656 quodomnium
774 2572 949 2635 amicorum
968 2571 1092 2634 animos

88 2661 219 2726 videbat
241 2661 413 2726 attonitos:
440 2659 601 2725 neminem
630 2681 702 2724 cum
729 2661 800 2743 ipso
828 2660 949 2724 sociare
977 2681 1094 2723 sermo-

88 2771 162 2814 nem
176 2753 292 2833 postea
306 2771 470 2813 ausurum:
489 2748 659 2813 vivendum
679 2769 748 2812 esse
766 2748 801 2811 in
819 2748 990 2812 solitudine
1005 2749 1094 2812 velut

87 2836 174 2900 ferae
197 2837 320 2900 bestiae
342 2837 476 2901 terrenti
500 2837 580 2900 alias
603 2836 803 2920 timentique.
848 2836 958 2900 Prima
981 2836 1093 2900 deinde
1112 2860 1128 2908 8

89 2922 160 2987 luce
187 2924 395 2988 tabernaculo
424 2946 553 3009 corpus,
584 2926 666 2990 sicut
693 2926 796 2990 adhuc
824 2931 991 2990 cruentum
1015 2929 1093 3008 erat,

88 3011 184 3074 iussit
202 3012 323 3076 inferri.
366 3013 434 3088 Quo
453 3014 560 3096 posito
582 3020 656 3078 ante
674 3015 780 3096 ipsum
800 3014 941 3077 lacrimis
962 3014 1094 3091 obortis,

89 3097 215 3182 ‘Hanc',
247 3102 365 3184 inquit,
398 3099 527 3166 ‘nutrici
558 3124 647 3166 meae
677 3102 815 3185 gratiam
848 3103 971 3183 rettuli,
1004 3102 1092 3165 cuius

88 3188 151 3253 duo
171 3187 231 3252 filii
251 3189 335 3271 apud
353 3189 501 3254 Miletum
520 3212 578 3274 pro
599 3212 671 3253 mea
689 3190 795 3273 gloria
815 3191 989 3255 occubuere
1009 3213 1093 3253 mor-

87 3279 167 3359 tem,
190 3276 244 3342 hic
262 3277 377 3362 frater,
401 3280 530 3342 unicum
550 3279 697 3342 orbitatis
717 3279 880 3360 solacium,
904 3301 923 3342 a
941 3301 991 3341 nre
1010 3279 1093 3340 inter

88 3365 198 3446 epulas
231 3365 354 3431 occisus
388 3371 446 3431 est.
502 3365 571 3442 Quo
602 3388 688 3432 nunc
717 3389 749 3430 se
783 3368 927 3431 conferet
955 3365 1128 3435 miserato

88 3448 246 3518 Omnibus
279 3455 347 3520 eius
382 3477 464 3520 unus
500 3477 680 3541 supersum,
717 3478 811 3539 quem
845 3455 949 3517 solum
983 3453 1092 3535 aequis

87 3538 190 3604 oculis
208 3541 315 3607 ridere
336 3566 401 3609 non
423 3545 552 3630 poterit.
588 3545 633 3608 Et
652 3565 711 3627 ego
732 3546 930 3607 serratorum
950 3563 1093 3604 meorum
