<?xml version="1.0" encoding="UTF-8"?>
<!DOCTYPE html PUBLIC "-//W3C//DTD XHTML 1.0 Transitional//EN"
    "http://www.w3.org/TR/xhtml1/DTD/xhtml1-transitional.dtd">
<html xmlns="http://www.w3.org/1999/xhtml" xml:lang="en" lang="en">
 <head>
  <title>
</title>
<meta http-equiv="Content-Type" content="text/html;charset=utf-8" />
  <meta name='ocr-system' content='tesseract 3.04.00' />
  <meta name='ocr-capabilities' content='ocr_page ocr_carea ocr_par ocr_line ocrx_word'/>
</head>
<body>
  <div class='ocr_page' id='page_1' title='image "./historiarumalex01rufugoog_0077.png"; bbox 0 0 2444 3908; ppageno 0'>
   <div class='ocr_carea' id='block_1_1' title="bbox 171 127 807 194">
    <p class='ocr_par' dir='ltr' id='par_1_1' title="bbox 171 127 807 194">
     <span class='ocr_line' id='line_1_1' title="bbox 171 127 807 194; baseline -0.003 -12"><span class='ocrx_word' id='word_1_1' title='bbox 171 134 215 194; x_wconf 84' lang='lat'>44</span> <span class='ocrx_word' id='word_1_2' title='bbox 544 129 574 194; x_wconf 83' lang='lat' dir='ltr'>Q.</span> <span class='ocrx_word' id='word_1_3' title='bbox 595 128 702 183; x_wconf 82' lang='lat' dir='ltr'>CUltTI</span> <span class='ocrx_word' id='word_1_4' title='bbox 720 127 807 181; x_wconf 83' lang='lat' dir='ltr'><strong>RUFI</strong></span> 
     </span>
    </p>
   </div>
   <div class='ocr_carea' id='block_1_2' title="bbox 0 268 1219 3602">
    <p class='ocr_par' dir='ltr' id='par_1_2' title="bbox 0 268 1194 2985">
     <span class='ocr_line' id='line_1_2' title="bbox 170 268 1188 339; baseline -0.006 0"><span class='ocrx_word' id='word_1_5' title='bbox 170 273 331 339; x_wconf 86' lang='lat' dir='ltr'>tinentes‘?</span> <span class='ocrx_word' id='word_1_6' title='bbox 363 270 598 337; x_wconf 82' lang='lat' dir='ltr'>Senescendum</span> <span class='ocrx_word' id='word_1_7' title='bbox 620 273 689 336; x_wconf 85' lang='lat' dir='ltr'>fore</span> <span class='ocrx_word' id='word_1_8' title='bbox 711 275 839 335; x_wconf 91' lang='lat' dir='ltr'>tanturn</span> <span class='ocrx_word' id='word_1_9' title='bbox 864 274 1019 334; x_wconf 88' lang='lat' dir='ltr'>terrarum</span> <span class='ocrx_word' id='word_1_10' title='bbox 1043 269 1094 333; x_wconf 87' lang='lat' dir='ltr'>vel</span> <span class='ocrx_word' id='word_1_11' title='bbox 1114 268 1188 333; x_wconf 90' lang='lat' dir='ltr'>sine</span> 
     </span>
     <span class='ocr_line' id='line_1_3' title="bbox 137 356 1188 446; baseline -0.004 -21"><span class='ocrx_word' id='word_1_12' title='bbox 137 362 293 446; x_wconf 81' lang='lat' dir='ltr'>sproelio</span> <span class='ocrx_word' id='word_1_13' title='bbox 318 362 459 426; x_wconf 87' lang='lat' dir='ltr'>obeunti.</span> <span class='ocrx_word' id='word_1_14' title='bbox 504 359 544 425; x_wconf 91' lang='lat' dir='ltr'>Se</span> <span class='ocrx_word' id='word_1_15' title='bbox 573 382 648 424; x_wconf 83' lang='lat' dir='ltr'>vero</span> <span class='ocrx_word' id='word_1_16' title='bbox 677 359 717 422; x_wconf 91' lang='lat' dir='ltr'>ad</span> <span class='ocrx_word' id='word_1_17' title='bbox 743 360 849 443; x_wconf 87' lang='lat' dir='ltr'>ipsum</span> <span class='ocrx_word' id='word_1_18' title='bbox 875 379 989 422; x_wconf 84' lang='lat' dir='ltr'>vocare</span> <span class='ocrx_word' id='word_1_19' title='bbox 1013 356 1188 439; x_wconf 88' lang='lat' dir='ltr'>desineret,</span> 
     </span>
     <span class='ocr_line' id='line_1_4' title="bbox 137 445 1189 532; baseline -0.003 -19"><span class='ocrx_word' id='word_1_20' title='bbox 137 471 310 532; x_wconf 72' lang='lat' dir='ltr'>unamque</span> <span class='ocrx_word' id='word_1_21' title='bbox 332 450 417 513; x_wconf 89' lang='lat' dir='ltr'>illius</span> <span class='ocrx_word' id='word_1_22' title='bbox 441 451 537 513; x_wconf 83' lang='lat' dir='ltr'>exitio</span> <span class='ocrx_word' id='word_1_23' title='bbox 561 471 594 513; x_wconf 92' lang='lat' dir='ltr'>se</span> <span class='ocrx_word' id='word_1_24' title='bbox 615 469 684 512; x_wconf 90' lang='lat' dir='ltr'>esse</span> <span class='ocrx_word' id='word_1_25' title='bbox 703 445 893 511; x_wconf 67' lang='lat' dir='ltr'>venturum?</span> <span class='ocrx_word' id='word_1_26' title='bbox 930 445 1118 509; x_wconf 85' lang='lat' dir='ltr'>Alexander</span> <span class='ocrx_word' id='word_1_27' title='bbox 1136 445 1189 530; x_wconf 91' lang='lat' dir='ltr'>iis,</span> 
     </span>
     <span class='ocr_line' id='line_1_5' title="bbox 172 533 1188 620; baseline -0.004 -19"><span class='ocrx_word' id='word_1_28' title='bbox 172 538 227 620; x_wconf 93' lang='lat' dir='ltr'>qui</span> <span class='ocrx_word' id='word_1_29' title='bbox 253 538 377 600; x_wconf 75' lang='lat' dir='ltr'>litteras</span> <span class='ocrx_word' id='word_1_30' title='bbox 405 539 593 620; x_wconf 73' lang='lat' dir='ltr'>attulerant,</span> <span class='ocrx_word' id='word_1_31' title='bbox 621 536 800 620; x_wconf 80' lang='lat' dir='ltr'>respondit,</span> <span class='ocrx_word' id='word_1_32' title='bbox 823 533 966 598; x_wconf 89' lang='lat' dir='ltr'>Dareum</span> <span class='ocrx_word' id='word_1_33' title='bbox 988 534 1050 596; x_wconf 87' lang='lat' dir='ltr'>sibi</span> <span class='ocrx_word' id='word_1_34' title='bbox 1075 533 1188 597; x_wconf 87' lang='lat' dir='ltr'>aliena</span> 
     </span>
     <span class='ocr_line' id='line_1_6' title="bbox 171 620 1189 708; baseline -0.002 -20"><span class='ocrx_word' id='word_1_35' title='bbox 171 625 358 708; x_wconf 87' lang='lat' dir='ltr'>promittere</span> <span class='ocrx_word' id='word_1_36' title='bbox 380 628 421 706; x_wconf 91' lang='lat' dir='ltr'>et,</span> <span class='ocrx_word' id='word_1_37' title='bbox 443 625 529 708; x_wconf 91' lang='lat' dir='ltr'>quod</span> <span class='ocrx_word' id='word_1_38' title='bbox 545 627 652 688; x_wconf 91' lang='lat' dir='ltr'>totum</span> <span class='ocrx_word' id='word_1_39' title='bbox 670 624 821 706; x_wconf 91' lang='lat' dir='ltr'>amiserit,</span> <span class='ocrx_word' id='word_1_40' title='bbox 843 623 925 686; x_wconf 84' lang='lat' dir='ltr'>velle</span> <span class='ocrx_word' id='word_1_41' title='bbox 942 620 1067 704; x_wconf 88' lang='lat' dir='ltr'>partiri.</span> <span class='ocrx_word' id='word_1_42' title='bbox 1103 620 1189 686; x_wconf 89' lang='lat' dir='ltr'>Doti</span> 
     </span>
     <span class='ocr_line' id='line_1_7' title="bbox 173 709 1190 797; baseline -0.003 -21"><span class='ocrx_word' id='word_1_43' title='bbox 173 713 234 776; x_wconf 92' lang='lat' dir='ltr'>sibi</span> <span class='ocrx_word' id='word_1_44' title='bbox 257 712 327 776; x_wconf 92' lang='lat' dir='ltr'>dari</span> <span class='ocrx_word' id='word_1_45' title='bbox 349 711 498 797; x_wconf 84' lang='lat' dir='ltr'>Lydiam,</span> <span class='ocrx_word' id='word_1_46' title='bbox 519 711 630 795; x_wconf 88' lang='lat' dir='ltr'>Ionas,</span> <span class='ocrx_word' id='word_1_47' title='bbox 652 710 831 794; x_wconf 82' lang='lat' dir='ltr'>Aeolidem,</span> <span class='ocrx_word' id='word_1_48' title='bbox 853 709 1058 792; x_wconf 89' lang='lat' dir='ltr'>Hellesponti</span> <span class='ocrx_word' id='word_1_49' title='bbox 1082 730 1190 794; x_wconf 86' lang='lat' dir='ltr'>oram,</span> 
     </span>
     <span class='ocr_line' id='line_1_8' title="bbox 172 797 1190 884; baseline -0.004 -19"><span class='ocrx_word' id='word_1_50' title='bbox 172 801 324 865; x_wconf 82' lang='lat' dir='ltr'>victoriae</span> <span class='ocrx_word' id='word_1_51' title='bbox 347 822 423 865; x_wconf 92' lang='lat' dir='ltr'>suae</span> <span class='ocrx_word' id='word_1_52' title='bbox 445 801 596 884; x_wconf 88' lang='lat' dir='ltr'>praemia.</span> <span class='ocrx_word' id='word_1_53' title='bbox 630 798 732 883; x_wconf 84' lang='lat' dir='ltr'>Leges</span> <span class='ocrx_word' id='word_1_54' title='bbox 753 802 860 862; x_wconf 91' lang='lat' dir='ltr'>autem</span> <span class='ocrx_word' id='word_1_55' title='bbox 878 820 898 860; x_wconf 90' lang='lat' dir='ltr'>a</span> <span class='ocrx_word' id='word_1_56' title='bbox 915 797 1092 861; x_wconf 86' lang='lat' dir='ltr'>victoribus</span> <span class='ocrx_word' id='word_1_57' title='bbox 1112 797 1190 881; x_wconf 88' lang='lat' dir='ltr'>dici,</span> 
     </span>
     <span class='ocr_line' id='line_1_9' title="bbox 174 883 1191 972; baseline -0.002 -20"><span class='ocrx_word' id='word_1_58' title='bbox 174 889 275 972; x_wconf 89' lang='lat' dir='ltr'>accipi</span> <span class='ocrx_word' id='word_1_59' title='bbox 303 911 322 952; x_wconf 91' lang='lat' dir='ltr'>a</span> <span class='ocrx_word' id='word_1_60' title='bbox 349 889 455 953; x_wconf 84' lang='lat' dir='ltr'>victis:</span> <span class='ocrx_word' id='word_1_61' title='bbox 492 889 526 951; x_wconf 92' lang='lat' dir='ltr'>in</span> <span class='ocrx_word' id='word_1_62' title='bbox 552 892 626 952; x_wconf 91' lang='lat' dir='ltr'>utro</span> <span class='ocrx_word' id='word_1_63' title='bbox 655 891 741 951; x_wconf 90' lang='lat' dir='ltr'>statu</span> <span class='ocrx_word' id='word_1_64' title='bbox 768 886 863 950; x_wconf 90' lang='lat' dir='ltr'>ambo</span> <span class='ocrx_word' id='word_1_65' title='bbox 891 888 1012 967; x_wconf 83' lang='lat' dir='ltr'>essent,</span> <span class='ocrx_word' id='word_1_66' title='bbox 1041 883 1072 947; x_wconf 92' lang='lat' dir='ltr'>si</span> <span class='ocrx_word' id='word_1_67' title='bbox 1094 885 1191 950; x_wconf 88' lang='lat' dir='ltr'>solus</span> 
     </span>
     <span class='ocr_line' id='line_1_10' title="bbox 138 970 1189 1061; baseline -0.005 -18"><span class='ocrx_word' id='word_1_68' title='bbox 138 977 349 1061; x_wconf 87' lang='lat' dir='ltr'>signoraret,</span> <span class='ocrx_word' id='word_1_69' title='bbox 381 976 638 1059; x_wconf 91' lang='lat' dir='ltr'>quamprimum</span> <span class='ocrx_word' id='word_1_70' title='bbox 660 974 764 1038; x_wconf 88' lang='lat' dir='ltr'>Marte</span> <span class='ocrx_word' id='word_1_71' title='bbox 787 974 978 1037; x_wconf 87' lang='lat' dir='ltr'>decerneret.</span> <span class='ocrx_word' id='word_1_72' title='bbox 1023 970 1065 1035; x_wconf 91' lang='lat' dir='ltr'>Se</span> <span class='ocrx_word' id='word_1_73' title='bbox 1089 973 1189 1056; x_wconf 89' lang='lat' dir='ltr'>[quo-</span> 
     </span>
     <span class='ocr_line' id='line_1_11' title="bbox 175 1057 1191 1150; baseline 0 -23"><span class='ocrx_word' id='word_1_74' title='bbox 175 1061 262 1150; x_wconf 90' lang='lat' dir='ltr'>que],</span> <span class='ocrx_word' id='word_1_75' title='bbox 293 1086 366 1128; x_wconf 91' lang='lat' dir='ltr'>cum</span> <span class='ocrx_word' id='word_1_76' title='bbox 392 1063 544 1127; x_wconf 87' lang='lat' dir='ltr'>transiret</span> <span class='ocrx_word' id='word_1_77' title='bbox 570 1084 671 1145; x_wconf 89' lang='lat' dir='ltr'>mare,</span> <span class='ocrx_word' id='word_1_78' title='bbox 697 1083 764 1126; x_wconf 92' lang='lat' dir='ltr'>non</span> <span class='ocrx_word' id='word_1_79' title='bbox 792 1059 937 1125; x_wconf 84' lang='lat' dir='ltr'>Giliciam</span> <span class='ocrx_word' id='word_1_80' title='bbox 965 1062 1020 1122; x_wconf 92' lang='lat' dir='ltr'>aut</span> <span class='ocrx_word' id='word_1_81' title='bbox 1042 1057 1191 1142; x_wconf 86' lang='lat' dir='ltr'>Lydiam</span> 
     </span>
     <span class='ocr_line' id='line_1_12' title="bbox 175 1147 1192 1321; baseline 0.002 -21"><span class='ocrx_word' id='word_1_82' title='bbox 175 1154 464 1319; x_wconf 53' lang='lat' dir='ltr'>..aieleth</span> <span class='ocrx_word' id='word_1_83' title='bbox 477 1151 725 1321; x_wconf 55' lang='lat' dir='ltr'>billuimilgtl</span> <span class='ocrx_word' id='word_1_84' title='bbox 746 1149 830 1319; x_wconf 59' lang='lat' dir='ltr'>ln?</span> <span class='ocrx_word' id='word_1_85' title='bbox 853 1147 1129 1300; x_wconf 54' lang='lat' dir='ltr'>distat</span> <span class='ocrx_word' id='word_1_86' title='bbox 1156 1240 1192 1302; x_wconf 69' lang='lat' dir='ltr'>e</span> 
     </span>
     <span class='ocr_line' id='line_1_13' title="bbox 173 1321 1191 1407; baseline 0.005 -21"><span class='ocrx_word' id='word_1_87' title='bbox 173 1323 342 1387; x_wconf 81' lang='lat' dir='ltr'>Ecbatana</span> <span class='ocrx_word' id='word_1_88' title='bbox 367 1325 534 1407; x_wconf 85' lang='lat' dir='ltr'>ultimique</span> <span class='ocrx_word' id='word_1_89' title='bbox 558 1323 697 1389; x_wconf 86' lang='lat' dir='ltr'>Orientis</span> <span class='ocrx_word' id='word_1_90' title='bbox 725 1346 815 1388; x_wconf 92' lang='lat' dir='ltr'>oram</span> <span class='ocrx_word' id='word_1_91' title='bbox 837 1323 970 1407; x_wconf 90' lang='lat' dir='ltr'>imperio</span> <span class='ocrx_word' id='word_1_92' title='bbox 994 1321 1191 1390; x_wconf 84' lang='lat' dir='ltr'>destinasse.</span> 
     </span>
     <span class='ocr_line' id='line_1_14' title="bbox 176 1410 1191 1495; baseline 0.003 -21"><span class='ocrx_word' id='word_1_93' title='bbox 176 1411 383 1493; x_wconf 80' lang='lat' dir='ltr'>Quocumque</span> <span class='ocrx_word' id='word_1_94' title='bbox 409 1412 464 1475; x_wconf 92' lang='lat' dir='ltr'>ille</span> <span class='ocrx_word' id='word_1_95' title='bbox 490 1413 601 1495; x_wconf 91' lang='lat' dir='ltr'>fugere</span> <span class='ocrx_word' id='word_1_96' title='bbox 628 1413 798 1495; x_wconf 90' lang='lat' dir='ltr'>potuisset,</span> <span class='ocrx_word' id='word_1_97' title='bbox 827 1411 933 1494; x_wconf 89' lang='lat' dir='ltr'>ipsum</span> <span class='ocrx_word' id='word_1_98' title='bbox 960 1410 1049 1492; x_wconf 92' lang='lat' dir='ltr'>sequi</span> <span class='ocrx_word' id='word_1_99' title='bbox 1071 1432 1191 1494; x_wconf 83' lang='lat' dir='ltr'>posse:</span> 
     </span>
     <span class='ocr_line' id='line_1_15' title="bbox 8 1498 1191 1582; baseline -0.002 -15"><span class='ocrx_word' id='word_1_100' title='bbox 8 1562 11 1567; x_wconf 92' lang='lat'>.</span> <span class='ocrx_word' id='word_1_101' title='bbox 175 1499 335 1562; x_wconf 89' lang='lat' dir='ltr'>desineret</span> <span class='ocrx_word' id='word_1_102' title='bbox 347 1502 465 1562; x_wconf 92' lang='lat' dir='ltr'>terrere</span> <span class='ocrx_word' id='word_1_103' title='bbox 479 1499 672 1582; x_wconf 91' lang='lat' dir='ltr'>fluminibus,</span> <span class='ocrx_word' id='word_1_104' title='bbox 686 1520 780 1581; x_wconf 91' lang='lat' dir='ltr'>quern</span> <span class='ocrx_word' id='word_1_105' title='bbox 793 1499 889 1562; x_wconf 90' lang='lat' dir='ltr'>sciret</span> <span class='ocrx_word' id='word_1_106' title='bbox 902 1498 1004 1561; x_wconf 92' lang='lat' dir='ltr'>maria</span> <span class='ocrx_word' id='word_1_107' title='bbox 1017 1499 1191 1565; x_wconf 87' lang='lat' dir='ltr'>transisse.</span> 
     </span>
     <span class='ocr_line' id='line_1_16' title="bbox 1 1582 1191 1673; baseline 0.003 -24"><span class='ocrx_word' id='word_1_108' title='bbox 1 1582 12 1673; x_wconf 66' lang='lat'>{3</span> <span class='ocrx_word' id='word_1_109' title='bbox 141 1609 184 1668; x_wconf 81' lang='grc' dir='ltr'>9Ι</span> <span class='ocrx_word' id='word_1_110' title='bbox 263 1586 368 1670; x_wconf 81' lang='lat' dir='ltr'>Reges</span> <span class='ocrx_word' id='word_1_111' title='bbox 409 1587 536 1669; x_wconf 91' lang='lat' dir='ltr'>quidem</span> <span class='ocrx_word' id='word_1_112' title='bbox 570 1587 650 1650; x_wconf 90' lang='lat' dir='ltr'>haee</span> <span class='ocrx_word' id='word_1_113' title='bbox 685 1587 821 1649; x_wconf 82' lang='lat' dir='ltr'>invicem</span> <span class='ocrx_word' id='word_1_114' title='bbox 856 1586 1059 1669; x_wconf 91' lang='lat' dir='ltr'>scripserant.</span> <span class='ocrx_word' id='word_1_115' title='bbox 1121 1585 1191 1652; x_wconf 87' lang='lat' dir='ltr'>Sed</span> 
     </span>
     <span class='ocr_line' id='line_1_17' title="bbox 1 1672 1192 1756; baseline 0.003 -19"><span class='ocrx_word' id='word_1_116' title='bbox 1 1675 3 1684; x_wconf 89' lang='lat'>&#39;</span> <span class='ocrx_word' id='word_1_117' title='bbox 175 1673 294 1738; x_wconf 87' lang='lat' dir='ltr'>Rhodii</span> <span class='ocrx_word' id='word_1_118' title='bbox 321 1675 433 1737; x_wconf 93' lang='lat' dir='ltr'>urbem</span> <span class='ocrx_word' id='word_1_119' title='bbox 460 1696 552 1738; x_wconf 92' lang='lat' dir='ltr'>suam</span> <span class='ocrx_word' id='word_1_120' title='bbox 587 1677 761 1756; x_wconf 87' lang='lat' dir='ltr'>portusque</span> <span class='ocrx_word' id='word_1_121' title='bbox 797 1672 957 1736; x_wconf 88' lang='lat' dir='ltr'>dedebant</span> <span class='ocrx_word' id='word_1_122' title='bbox 988 1672 1192 1741; x_wconf 84' lang='lat' dir='ltr'>Alexandro.</span> 
     </span>
     <span class='ocr_line' id='line_1_18' title="bbox 175 1759 1194 1845; baseline 0.004 -21"><span class='ocrx_word' id='word_1_123' title='bbox 175 1760 234 1824; x_wconf 92' lang='lat' dir='ltr'>Ille</span> <span class='ocrx_word' id='word_1_124' title='bbox 261 1759 405 1826; x_wconf 82' lang='lat' dir='ltr'>Ciliciam</span> <span class='ocrx_word' id='word_1_125' title='bbox 432 1759 557 1826; x_wconf 89' lang='lat' dir='ltr'>Socrati</span> <span class='ocrx_word' id='word_1_126' title='bbox 582 1761 758 1825; x_wconf 89' lang='lat' dir='ltr'>tradiderat</span> <span class='ocrx_word' id='word_1_127' title='bbox 784 1759 914 1825; x_wconf 89' lang='lat' dir='ltr'>Philota</span> <span class='ocrx_word' id='word_1_128' title='bbox 945 1761 1071 1845; x_wconf 87' lang='lat' dir='ltr'>regioni</span> <span class='ocrx_word' id='word_1_129' title='bbox 1100 1762 1194 1828; x_wconf 84' lang='lat' dir='ltr'>eirca</span> 
     </span>
     <span class='ocr_line' id='line_1_19' title="bbox 175 1846 1192 1934; baseline 0.003 -22"><span class='ocrx_word' id='word_1_130' title='bbox 175 1848 298 1931; x_wconf 83' lang='lat' dir='ltr'>Tyrum</span> <span class='ocrx_word' id='word_1_131' title='bbox 325 1850 412 1914; x_wconf 92' lang='lat' dir='ltr'>iusso</span> <span class='ocrx_word' id='word_1_132' title='bbox 438 1849 627 1933; x_wconf 88' lang='lat' dir='ltr'>praesidere.</span> <span class='ocrx_word' id='word_1_133' title='bbox 673 1846 810 1934; x_wconf 83' lang='lat' dir='ltr'>Syriam,</span> <span class='ocrx_word' id='word_1_134' title='bbox 840 1871 921 1931; x_wconf 88' lang='lat' dir='ltr'>quae</span> <span class='ocrx_word' id='word_1_135' title='bbox 950 1847 1045 1913; x_wconf 85' lang='lat' dir='ltr'>Goele</span> <span class='ocrx_word' id='word_1_136' title='bbox 1073 1852 1192 1934; x_wconf 88' lang='lat' dir='ltr'>appel-</span> 
     </span>
     <span class='ocr_line' id='line_1_20' title="bbox 0 1937 1193 2022; baseline 0.004 -22"><span class='ocrx_word' id='word_1_137' title='bbox 0 2012 2 2021; x_wconf 25' lang='grc' dir='ltr'>Ι</span> <span class='ocrx_word' id='word_1_138' title='bbox 175 1938 274 2021; x_wconf 88' lang='lat' dir='ltr'>latur,</span> <span class='ocrx_word' id='word_1_139' title='bbox 306 1937 531 2003; x_wconf 87' lang='lat' dir='ltr'>Andromacho</span> <span class='ocrx_word' id='word_1_140' title='bbox 562 1937 731 2002; x_wconf 92' lang='lat' dir='ltr'>Parmenio</span> <span class='ocrx_word' id='word_1_141' title='bbox 762 1937 938 2000; x_wconf 89' lang='lat' dir='ltr'>tradiderat</span> <span class='ocrx_word' id='word_1_142' title='bbox 965 1937 1064 2020; x_wconf 94' lang='lat' dir='ltr'>bello,</span> <span class='ocrx_word' id='word_1_143' title='bbox 1098 1940 1193 2022; x_wconf 86' lang='lat' dir='ltr'>quod</span> 
     </span>
     <span class='ocr_line' id='line_1_21' title="bbox 0 2023 1193 2110; baseline 0.003 -22"><span class='ocrx_word' id='word_1_144' title='bbox 0 2028 2 2031; x_wconf 78' lang='grc'><strong>’</strong></span> <span class='ocrx_word' id='word_1_145' title='bbox 124 2046 158 2095; x_wconf 89' lang='lat'>10</span> <span class='ocrx_word' id='word_1_146' title='bbox 177 2029 355 2110; x_wconf 87' lang='lat' dir='ltr'>supererat,</span> <span class='ocrx_word' id='word_1_147' title='bbox 382 2027 603 2090; x_wconf 87' lang='lat' dir='ltr'>interfuturus.</span> <span class='ocrx_word' id='word_1_148' title='bbox 646 2025 715 2089; x_wconf 81' lang='lat' dir='ltr'>Rex</span> <span class='ocrx_word' id='word_1_149' title='bbox 741 2024 979 2107; x_wconf 90' lang='lat' dir='ltr'>Hephaestione</span> <span class='ocrx_word' id='word_1_150' title='bbox 1005 2023 1193 2092; x_wconf 86' lang='lat' dir='ltr'>Phoenices</span> 
     </span>
     <span class='ocr_line' id='line_1_22' title="bbox 7 2110 1192 2195; baseline 0.004 -20"><span class='ocrx_word' id='word_1_151' title='bbox 7 2120 10 2129; x_wconf 89' lang='grc'>’</span> <span class='ocrx_word' id='word_1_152' title='bbox 177 2134 267 2175; x_wconf 92' lang='lat' dir='ltr'>oram</span> <span class='ocrx_word' id='word_1_153' title='bbox 294 2113 395 2176; x_wconf 89' lang='lat' dir='ltr'>classe</span> <span class='ocrx_word' id='word_1_154' title='bbox 422 2114 622 2195; x_wconf 87' lang='lat' dir='ltr'>praetervehi</span> <span class='ocrx_word' id='word_1_155' title='bbox 648 2114 735 2176; x_wconf 90' lang='lat' dir='ltr'>iusso</span> <span class='ocrx_word' id='word_1_156' title='bbox 765 2112 806 2174; x_wconf 90' lang='lat' dir='ltr'>ad</span> <span class='ocrx_word' id='word_1_157' title='bbox 833 2112 945 2175; x_wconf 92' lang='lat' dir='ltr'>urbem</span> <span class='ocrx_word' id='word_1_158' title='bbox 968 2110 1087 2175; x_wconf 82' lang='lat' dir='ltr'>Gazam</span> <span class='ocrx_word' id='word_1_159' title='bbox 1112 2135 1192 2180; x_wconf 86' lang='lat' dir='ltr'>eum</span> 
     </span>
     <span class='ocr_line' id='line_1_23' title="bbox 177 2200 567 2283; baseline 0.003 -21"><span class='ocrx_word' id='word_1_160' title='bbox 177 2200 325 2262; x_wconf 91' lang='lat' dir='ltr'>omnibus</span> <span class='ocrx_word' id='word_1_161' title='bbox 349 2201 448 2283; x_wconf 88' lang='lat' dir='ltr'>copiis</span> <span class='ocrx_word' id='word_1_162' title='bbox 470 2201 567 2263; x_wconf 83' lang='lat' dir='ltr'>venit.</span> 
     </span>
     <span class='ocr_line' id='line_1_24' title="bbox 1 2278 1193 2362; baseline 0.006 -15"><span class='ocrx_word' id='word_1_163' title='bbox 1 2278 12 2362; x_wconf 77' lang='grc' dir='ltr'>Ξ·</span> <span class='ocrx_word' id='word_1_164' title='bbox 125 2307 156 2354; x_wconf 85' lang='lat'>11</span> <span class='ocrx_word' id='word_1_165' title='bbox 264 2284 382 2349; x_wconf 91' lang='lat' dir='ltr'>Iisdem</span> <span class='ocrx_word' id='word_1_166' title='bbox 410 2287 477 2350; x_wconf 91' lang='lat' dir='ltr'>fere</span> <span class='ocrx_word' id='word_1_167' title='bbox 504 2287 615 2350; x_wconf 91' lang='lat' dir='ltr'>diebus</span> <span class='ocrx_word' id='word_1_168' title='bbox 643 2288 796 2350; x_wconf 89' lang='lat' dir='ltr'>sollemne</span> <span class='ocrx_word' id='word_1_169' title='bbox 824 2291 893 2350; x_wconf 90' lang='lat' dir='ltr'>erat</span> <span class='ocrx_word' id='word_1_170' title='bbox 919 2288 1077 2352; x_wconf 91' lang='lat' dir='ltr'>ludicrum</span> <span class='ocrx_word' id='word_1_171' title='bbox 1100 2287 1193 2354; x_wconf 90' lang='lat' dir='ltr'>Isth·</span> 
     </span>
     <span class='ocr_line' id='line_1_25' title="bbox 2 2370 1192 2458; baseline 0.005 -22"><span class='ocrx_word' id='word_1_172' title='bbox 2 2370 8 2391; x_wconf 85' lang='lat'>&#39;&#39;</span> <span class='ocrx_word' id='word_1_173' title='bbox 176 2373 328 2456; x_wconf 90' lang='lat' dir='ltr'>miorurn,</span> <span class='ocrx_word' id='word_1_174' title='bbox 350 2375 436 2458; x_wconf 90' lang='lat' dir='ltr'>quod</span> <span class='ocrx_word' id='word_1_175' title='bbox 459 2378 618 2439; x_wconf 84' lang='lat' dir='ltr'>conventu</span> <span class='ocrx_word' id='word_1_176' title='bbox 639 2375 739 2439; x_wconf 90' lang='lat' dir='ltr'>totius</span> <span class='ocrx_word' id='word_1_177' title='bbox 754 2372 905 2439; x_wconf 81' lang='lat' dir='ltr'>Graeciae</span> <span class='ocrx_word' id='word_1_178' title='bbox 924 2376 1113 2441; x_wconf 87' lang='lat' dir='ltr'>celebratur.</span> <span class='ocrx_word' id='word_1_179' title='bbox 1146 2376 1192 2443; x_wconf 89' lang='lat' dir='ltr'>In</span> 
     </span>
     <span class='ocr_line' id='line_1_26' title="bbox 177 2461 1191 2547; baseline 0.006 -23"><span class='ocrx_word' id='word_1_180' title='bbox 177 2482 215 2525; x_wconf 92' lang='lat' dir='ltr'>eo</span> <span class='ocrx_word' id='word_1_181' title='bbox 246 2462 381 2527; x_wconf 91' lang='lat' dir='ltr'>concilio</span> <span class='ocrx_word' id='word_1_182' title='bbox 409 2461 535 2545; x_wconf 89' lang='lat' dir='ltr'>Graeci,</span> <span class='ocrx_word' id='word_1_183' title='bbox 566 2466 603 2526; x_wconf 97' lang='lat' dir='ltr'>ut</span> <span class='ocrx_word' id='word_1_184' title='bbox 632 2467 708 2527; x_wconf 90' lang='lat' dir='ltr'>sunt</span> <span class='ocrx_word' id='word_1_185' title='bbox 734 2463 928 2546; x_wconf 88' lang='lat' dir='ltr'>temporaria</span> <span class='ocrx_word' id='word_1_186' title='bbox 953 2463 1098 2547; x_wconf 87' lang='lat' dir='ltr'>ingenia,</span> <span class='ocrx_word' id='word_1_187' title='bbox 1133 2464 1191 2530; x_wconf 87' lang='lat' dir='ltr'>de·</span> 
     </span>
     <span class='ocr_line' id='line_1_27' title="bbox 177 2551 1192 2637; baseline 0.006 -24"><span class='ocrx_word' id='word_1_188' title='bbox 177 2553 325 2632; x_wconf 88' lang='lat' dir='ltr'>cernunt,</span> <span class='ocrx_word' id='word_1_189' title='bbox 356 2555 393 2615; x_wconf 90' lang='lat' dir='ltr'>ut</span> <span class='ocrx_word' id='word_1_190' title='bbox 419 2569 474 2622; x_wconf 15' lang='lat' dir='ltr'>xv,</span> <span class='ocrx_word' id='word_1_191' title='bbox 488 2552 671 2635; x_wconf 88' lang='lat' dir='ltr'>legarentur</span> <span class='ocrx_word' id='word_1_192' title='bbox 692 2551 733 2614; x_wconf 91' lang='lat' dir='ltr'>ad</span> <span class='ocrx_word' id='word_1_193' title='bbox 756 2571 878 2634; x_wconf 91' lang='lat' dir='ltr'>regem,</span> <span class='ocrx_word' id='word_1_194' title='bbox 908 2551 962 2633; x_wconf 93' lang='lat' dir='ltr'>qui</span> <span class='ocrx_word' id='word_1_195' title='bbox 986 2552 1026 2615; x_wconf 97' lang='lat' dir='ltr'>ob</span> <span class='ocrx_word' id='word_1_196' title='bbox 1049 2572 1101 2614; x_wconf 89' lang='lat' dir='ltr'>res</span> <span class='ocrx_word' id='word_1_197' title='bbox 1125 2575 1192 2637; x_wconf 90' lang='lat' dir='ltr'>pro</span> 
     </span>
     <span class='ocr_line' id='line_1_28' title="bbox 178 2637 1191 2722; baseline 0.006 -22"><span class='ocrx_word' id='word_1_198' title='bbox 178 2640 280 2702; x_wconf 89' lang='lat' dir='ltr'>salute</span> <span class='ocrx_word' id='word_1_199' title='bbox 312 2660 350 2702; x_wconf 91' lang='lat' dir='ltr'>ac</span> <span class='ocrx_word' id='word_1_200' title='bbox 379 2639 529 2703; x_wconf 88' lang='lat' dir='ltr'>libertate</span> <span class='ocrx_word' id='word_1_201' title='bbox 560 2637 711 2703; x_wconf 81' lang='lat' dir='ltr'>Graeciae</span> <span class='ocrx_word' id='word_1_202' title='bbox 739 2641 846 2722; x_wconf 89' lang='lat' dir='ltr'>gestas</span> <span class='ocrx_word' id='word_1_203' title='bbox 874 2660 1027 2704; x_wconf 88' lang='lat' dir='ltr'>coronam</span> <span class='ocrx_word' id='word_1_204' title='bbox 1054 2660 1191 2706; x_wconf 87' lang='lat' dir='ltr'>auream</span> 
     </span>
     <span class='ocr_line' id='line_1_29' title="bbox 126 2724 1190 2810; baseline 0.003 -19"><span class='ocrx_word' id='word_1_205' title='bbox 126 2724 297 2791; x_wconf 75' lang='lat' dir='ltr'>redonum</span> <span class='ocrx_word' id='word_1_206' title='bbox 328 2726 480 2790; x_wconf 77' lang='lat' dir='ltr'>victoriae</span> <span class='ocrx_word' id='word_1_207' title='bbox 511 2727 640 2791; x_wconf 89' lang='lat' dir='ltr'>ferrent.</span> <span class='ocrx_word' id='word_1_208' title='bbox 688 2725 778 2790; x_wconf 91' lang='lat' dir='ltr'>Idem</span> <span class='ocrx_word' id='word_1_209' title='bbox 808 2728 905 2810; x_wconf 88' lang='lat' dir='ltr'>paulo</span> <span class='ocrx_word' id='word_1_210' title='bbox 937 2728 1013 2790; x_wconf 90' lang='lat' dir='ltr'>ante</span> <span class='ocrx_word' id='word_1_211' title='bbox 1042 2726 1190 2794; x_wconf 81' lang='lat' dir='ltr'>incertae</span> 
     </span>
     <span class='ocr_line' id='line_1_30' title="bbox 177 2812 1190 2898; baseline 0.008 -24"><span class='ocrx_word' id='word_1_212' title='bbox 177 2812 283 2874; x_wconf 86' lang='lat' dir='ltr'>famae</span> <span class='ocrx_word' id='word_1_213' title='bbox 315 2816 523 2895; x_wconf 83' lang='lat' dir='ltr'>captaverant</span> <span class='ocrx_word' id='word_1_214' title='bbox 550 2836 674 2898; x_wconf 90' lang='lat' dir='ltr'>auram,</span> <span class='ocrx_word' id='word_1_215' title='bbox 705 2817 755 2896; x_wconf 92' lang='lat' dir='ltr'>ut,</span> <span class='ocrx_word' id='word_1_216' title='bbox 787 2835 984 2898; x_wconf 90' lang='lat' dir='ltr'>quocumque</span> <span class='ocrx_word' id='word_1_217' title='bbox 1006 2814 1190 2898; x_wconf 90' lang='lat' dir='ltr'>pendentes</span> 
     </span>
     <span class='ocr_line' id='line_1_31' title="bbox 178 2900 851 2985; baseline 0.004 -22"><span class='ocrx_word' id='word_1_218' title='bbox 178 2900 302 2963; x_wconf 87' lang='lat' dir='ltr'>animos</span> <span class='ocrx_word' id='word_1_219' title='bbox 325 2901 454 2964; x_wconf 90' lang='lat' dir='ltr'>tulisset</span> <span class='ocrx_word' id='word_1_220' title='bbox 469 2900 612 2985; x_wconf 86' lang='lat' dir='ltr'>fortuna,</span> <span class='ocrx_word' id='word_1_221' title='bbox 636 2905 851 2984; x_wconf 89' lang='lat' dir='ltr'>sequerentur.</span> 
     </span>
    </p>

    <p class='ocr_par' dir='ltr' id='par_1_3' title="bbox 125 2985 1219 3336">
     <span class='ocr_line' id='line_1_32' title="bbox 125 2985 1219 3073; baseline 0.004 -19"><span class='ocrx_word' id='word_1_222' title='bbox 125 3008 158 3056; x_wconf 85' lang='lat'>13</span> <span class='ocrx_word' id='word_1_223' title='bbox 267 2985 415 3052; x_wconf 80' lang='lat' dir='ltr'>Ceterum</span> <span class='ocrx_word' id='word_1_224' title='bbox 439 3010 506 3052; x_wconf 93' lang='lat' dir='ltr'>non</span> <span class='ocrx_word' id='word_1_225' title='bbox 528 2989 597 3073; x_wconf 91' lang='lat' dir='ltr'>ipse</span> <span class='ocrx_word' id='word_1_226' title='bbox 626 2989 721 3052; x_wconf 91' lang='lat' dir='ltr'>modo</span> <span class='ocrx_word' id='word_1_227' title='bbox 749 3010 805 3051; x_wconf 86' lang='lat' dir='ltr'>rex</span> <span class='ocrx_word' id='word_1_228' title='bbox 827 2989 939 3053; x_wconf 91' lang='lat' dir='ltr'>obibat</span> <span class='ocrx_word' id='word_1_229' title='bbox 960 2989 1055 3053; x_wconf 90' lang='lat' dir='ltr'>urbes</span> <span class='ocrx_word' id='word_1_230' title='bbox 1078 2989 1219 3058; x_wconf 68' lang='lat' dir='ltr'>adnuet</span> 
     </span>
     <span class='ocr_line' id='line_1_33' title="bbox 177 3075 1189 3165; baseline 0.006 -27"><span class='ocrx_word' id='word_1_231' title='bbox 177 3077 288 3159; x_wconf 86' lang='lat' dir='ltr'>iugum</span> <span class='ocrx_word' id='word_1_232' title='bbox 310 3076 437 3158; x_wconf 89' lang='lat' dir='ltr'>imperii</span> <span class='ocrx_word' id='word_1_233' title='bbox 458 3080 649 3159; x_wconf 91' lang='lat' dir='ltr'>recusantes,</span> <span class='ocrx_word' id='word_1_234' title='bbox 672 3075 728 3140; x_wconf 91' lang='lat' dir='ltr'>sed</span> <span class='ocrx_word' id='word_1_235' title='bbox 745 3080 908 3158; x_wconf 89' lang='lat' dir='ltr'>praetores</span> <span class='ocrx_word' id='word_1_236' title='bbox 927 3098 1052 3160; x_wconf 92' lang='lat' dir='ltr'>quoque</span> <span class='ocrx_word' id='word_1_237' title='bbox 1070 3077 1189 3165; x_wconf 90' lang='lat' dir='ltr'>ipsius,</span> 
     </span>
     <span class='ocr_line' id='line_1_34' title="bbox 178 3161 1189 3251; baseline 0.006 -24"><span class='ocrx_word' id='word_1_238' title='bbox 178 3164 300 3248; x_wconf 84' lang='lat' dir='ltr'>egregii</span> <span class='ocrx_word' id='word_1_239' title='bbox 333 3164 440 3247; x_wconf 91' lang='lat' dir='ltr'>duces,</span> <span class='ocrx_word' id='word_1_240' title='bbox 471 3165 623 3247; x_wconf 91' lang='lat' dir='ltr'>pleraque</span> <span class='ocrx_word' id='word_1_241' title='bbox 650 3165 847 3247; x_wconf 83' lang='lat' dir='ltr'>invaserant,</span> <span class='ocrx_word' id='word_1_242' title='bbox 880 3161 974 3227; x_wconf 84' lang='lat' dir='ltr'>Gaias</span> <span class='ocrx_word' id='word_1_243' title='bbox 1001 3163 1189 3251; x_wconf 60' lang='lat' dir='ltr'>Paphlago*</span> 
     </span>
     <span class='ocr_line' id='line_1_35' title="bbox 177 3250 1190 3336; baseline 0.007 -22"><span class='ocrx_word' id='word_1_244' title='bbox 177 3252 275 3335; x_wconf 92' lang='lat' dir='ltr'>niam,</span> <span class='ocrx_word' id='word_1_245' title='bbox 297 3250 480 3336; x_wconf 80' lang='lat' dir='ltr'>Antigonus</span> <span class='ocrx_word' id='word_1_246' title='bbox 494 3250 700 3335; x_wconf 85' lang='lat' dir='ltr'>Lycaoniam.</span> <span class='ocrx_word' id='word_1_247' title='bbox 733 3250 887 3316; x_wconf 88' lang='lat' dir='ltr'>Balacrus</span> <span class='ocrx_word' id='word_1_248' title='bbox 900 3250 1063 3334; x_wconf 89' lang='lat' dir='ltr'>Hydarne,</span> <span class='ocrx_word' id='word_1_249' title='bbox 1085 3251 1190 3321; x_wconf 89' lang='lat' dir='ltr'>Darei</span> 
     </span>
    </p>

    <p class='ocr_par' dir='ltr' id='par_1_4' title="bbox 126 3337 1189 3513">
     <span class='ocr_line' id='line_1_36' title="bbox 126 3337 1189 3423; baseline 0.002 -18"><span class='ocrx_word' id='word_1_250' title='bbox 126 3359 159 3406; x_wconf 78' lang='lat'>14</span> <span class='ocrx_word' id='word_1_251' title='bbox 177 3344 338 3423; x_wconf 88' lang='lat' dir='ltr'>praetore,</span> <span class='ocrx_word' id='word_1_252' title='bbox 367 3344 517 3423; x_wconf 91' lang='lat' dir='ltr'>superato</span> <span class='ocrx_word' id='word_1_253' title='bbox 541 3340 644 3404; x_wconf 91' lang='lat' dir='ltr'>denuo</span> <span class='ocrx_word' id='word_1_254' title='bbox 667 3339 813 3404; x_wconf 89' lang='lat' dir='ltr'>Miletum</span> <span class='ocrx_word' id='word_1_255' title='bbox 835 3340 933 3422; x_wconf 90' lang='lat' dir='ltr'>oepit:</span> <span class='ocrx_word' id='word_1_256' title='bbox 965 3337 1189 3423; x_wconf 87' lang='lat' dir='ltr'>Amphoterus</span> 
     </span>
     <span class='ocr_line' id='line_1_37' title="bbox 177 3427 1189 3513; baseline -0.001 -20"><span class='ocrx_word' id='word_1_257' title='bbox 177 3433 210 3493; x_wconf 90' lang='lat' dir='ltr'>et</span> <span class='ocrx_word' id='word_1_258' title='bbox 223 3427 426 3513; x_wconf 90' lang='lat' dir='ltr'>Hegelochus</span> <span class='ocrx_word' id='word_1_259' title='bbox 449 3444 515 3493; x_wconf 79' lang='lat' dir='ltr'><strong>ch</strong></span> <span class='ocrx_word' id='word_1_260' title='bbox 527 3429 658 3492; x_wconf 80' lang='lat' dir='ltr'>navium</span> <span class='ocrx_word' id='word_1_261' title='bbox 676 3428 777 3492; x_wconf 90' lang='lat' dir='ltr'>classe</span> <span class='ocrx_word' id='word_1_262' title='bbox 792 3428 913 3491; x_wconf 91' lang='lat' dir='ltr'>insulas</span> <span class='ocrx_word' id='word_1_263' title='bbox 926 3427 1011 3491; x_wconf 91' lang='lat' dir='ltr'>inter</span> <span class='ocrx_word' id='word_1_264' title='bbox 1024 3427 1189 3498; x_wconf 85' lang='lat' dir='ltr'>Achaiam</span> 
     </span>
    </p>

    <p class='ocr_par' dir='ltr' id='par_1_5' title="bbox 124 3514 1188 3602">
     <span class='ocr_line' id='line_1_38' title="bbox 124 3514 1188 3602; baseline 0.004 -20"><span class='ocrx_word' id='word_1_265' title='bbox 124 3534 158 3583; x_wconf 80' lang='lat'>15</span> <span class='ocrx_word' id='word_1_266' title='bbox 178 3521 273 3602; x_wconf 89' lang='lat' dir='ltr'>atque</span> <span class='ocrx_word' id='word_1_267' title='bbox 288 3516 399 3581; x_wconf 88' lang='lat' dir='ltr'>Asiam</span> <span class='ocrx_word' id='word_1_268' title='bbox 413 3516 449 3580; x_wconf 95' lang='lat' dir='ltr'>in</span> <span class='ocrx_word' id='word_1_269' title='bbox 463 3515 619 3580; x_wconf 89' lang='lat' dir='ltr'>dicionem</span> <span class='ocrx_word' id='word_1_270' title='bbox 633 3514 807 3580; x_wconf 87' lang='lat' dir='ltr'>Alexandri</span> <span class='ocrx_word' id='word_1_271' title='bbox 820 3516 1018 3599; x_wconf 90' lang='lat' dir='ltr'>redegerunt</span> <span class='ocrx_word' id='word_1_272' title='bbox 1050 3515 1188 3586; x_wconf 83' lang='lat' dir='ltr'>Tenedo</span> 
     </span>
    </p>
   </div>
   <div class='ocr_carea' id='block_1_3' title="bbox 0 0 1231 3908">
    <p class='ocr_par' dir='ltr' id='par_1_6' title="bbox 0 0 1231 3908">
     <span class='ocr_line' id='line_1_39' title="bbox 0 0 1231 3908; baseline 0 0"><span class='ocrx_word' id='word_1_273' title='bbox 0 0 1231 3908; x_wconf 95' lang='lat' dir='ltr'> </span> 
     </span>
    </p>
   </div>
  </div>
 </body>
</html>
