2444 3908
264 140 516 196 HISTORIARUM
533 139 746 195 ALEXANDRI
763 140 838 210 VIII,
858 146 899 195 14.
1020 138 1085 201 225

80 287 160 367 tate,
185 305 281 368 quam
302 285 532 369 interrogando
554 283 669 348 fecisti.
704 282 874 348 Neminem
900 305 951 348 mc
974 283 1085 347 fortio-

79 393 148 436 rem
171 393 241 436 esse
256 373 441 453 ,censebam
486 371 575 436 Meas
599 371 684 436 enim
705 393 859 436 noveram
881 372 980 456 vires,
1005 392 1085 437 non·
1104 384 1138 432 48

81 459 156 523 dum
189 463 338 544 expertus
369 464 458 524 tuas:
498 460 666 524 fortiorem
698 481 767 523 esse
803 463 837 524 te
868 459 946 524 belli
977 459 1087 524 docuit

80 550 222 612 eventus.
263 547 325 613 Sed
346 569 387 612 ne
411 548 457 612 sic
480 548 608 631 quidem
630 569 746 630 parum
767 547 846 611 felix
868 569 953 631 sum,
976 568 1085 611 secun·

80 635 139 700 dus
166 634 255 700 tibi'.
305 635 430 700 Rursus
461 636 693 718 iuterrogatus,
725 635 802 718 quid
833 635 903 718 ipse
929 635 1086 700 victorem

81 726 223 788 statuere
242 723 356 788 debere
375 726 532 806 censeret,
556 722 664 799 ‘Quod
682 721 761 806 hic',
783 722 899 805 inquit,
923 721 1006 786 ‘dies
1025 722 1087 785 tibi

81 811 207 895 suadet,
230 833 293 895 quo
317 815 466 895 expertus
490 831 537 894 es,
560 832 657 896 quam
678 810 796 874 caduca
818 810 957 874 felicitas
980 808 1087 874 esset?

80 898 158 963 Plus
177 898 334 963 monendo
352 898 504 982 profecit,
523 920 619 982 quam
638 898 664 962 si
683 902 831 981 precatus
850 902 949 963 esset:
969 897 1087 981 quippe
1105 909 1140 958 44

81 987 338 1070 magnitudinem
375 987 475 1051 animi
507 986 575 1050 eius
606 986 786 1051 interritam
818 1007 855 1051 ao
885 1008 926 1050 ne
957 987 1088 1050 fortuna

81 1075 210 1159 quidem
236 1075 408 1139 infractam
433 1095 500 1139 non
521 1074 742 1138 misericordia
769 1074 879 1157 modo,
910 1073 1087 1138 sedetiam

80 1161 202 1228 honore
230 1163 373 1247 excipere
400 1161 551 1246 dignatus
580 1164 638 1226 est.
683 1162 827 1247 Aegrum
854 1162 979 1227 curavit
965 1160 1087 1226 thaud
1106 1172 1140 1222 45

82 1270 182 1334 secus,
200 1271 295 1352 quam
314 1251 342 1314 si
361 1272 420 1334 pro
438 1250 510 1334 ipso
528 1253 717 1334 pugnasset:
736 1250 961 1314 confirmatum
975 1253 1088 1315 contra

82 1359 171 1420 spem
204 1340 349 1403 omnium
379 1339 414 1402 in
446 1339 622 1403 amicorum
650 1359 820 1403 numerum
847 1339 980 1422 recepit,
1012 1358 1087 1402 mox

81 1425 215 1490 donavit
255 1427 411 1509 ampliore
446 1445 560 1509 regno,
602 1448 698 1510 quam
734 1427 847 1491 tenuit.
905 1426 973 1492 Nec
1010 1448 1086 1491 sane
1105 1437 1141 1487 46

81 1514 252 1598 quicquam
296 1515 464 1598 ingenium
505 1512 573 1577 eius
615 1514 747 1578 solidius
789 1518 847 1579 aut
886 1515 1086 1580 constantius

81 1601 196 1666 habuit
227 1623 323 1685 quam
356 1601 599 1666 admirationem
628 1622 724 1666 verae
754 1602 857 1666 laudis
885 1605 918 1666 et
948 1602 1087 1686 gloriae.

82 1689 259 1772 simplicius
290 1692 402 1755 tamen
431 1690 553 1754 famam
584 1689 816 1753 aestimabat'
806 1712 841 1753 1n
867 1690 962 1754 hoste
990 1712 1087 1773 quam

81 1776 117 1841 in
139 1777 236 1841 cive·
261 1776 387 1861 Quippe
410 1799 429 1841 a
452 1777 518 1841 suis
542 1775 691 1841 credebat
717 1777 971 1861 magnitudinem
995 1800 1086 1842 snam

82 1863 204 1928 destrui
232 1886 343 1948 posse,
374 1865 506 1929 eandem
538 1863 707 1929 clariorem
739 1864 821 1949 fore,
853 1887 916 1949 quo
948 1867 1086 1932 maiores

81 1951 234 2035 fuissent,
256 1973 335 2036 quos
358 1954 427 2036 ipse
449 1953 588 2018 vicisset.

477 2251 689 2262 n———uan
