2444 3908
142 151 206 214 192
512 155 544 220 o.
564 149 674 226 ouarr
692 153 778 208 aurr

140 296 242 378 deret,
276 319 339 380 quo
375 297 502 362 facilius
538 299 633 363 venia
668 297 719 361 illi
751 317 877 381 quoque
909 297 1149 380 impetraretur.

87 394 119 442 31
140 384 357 448 Praemissum
385 387 487 468 igitur
513 384 657 451 Oxarten
684 406 757 449 cum
785 389 888 451 matre
916 384 1091 467 liberisque
1115 389 1149 449 et

139 472 240 536 totius
264 474 466 557 cognationis
485 493 583 558 grege
603 473 810 558 sequebatur,
832 494 874 538 ne
893 476 1061 556 expectato
1081 474 1150 556 qui·

87 570 120 618 32
142 560 214 624 dem
248 561 323 626 fidei
355 561 504 646 pignore,
540 561 626 646 quod
659 561 794 625 Oxartes
827 561 1030 644 promiserat.
1079 559 1149 625 Rex

141 649 248 733 equite
275 649 467 733 praemisso,
496 651 550 734 qui
573 650 690 714 reverti
718 670 773 715 eos
796 650 922 713 iuberet
945 648 1149 733 opperirique

139 738 359 820 praesentiam
389 738 505 822 ipsius,
539 737 725 821 supervenit
758 741 791 801 et
817 737 957 802 victimis
984 735 1149 802 Minervae

141 847 178 890 ac
200 825 367 892 Victoriae
394 826 497 890 caesis
523 826 693 909 imperium
717 822 894 889 Sisimithri
921 825 1065 889 restituit
1093 848 1149 909 spe

140 913 273 979 maioris
298 914 396 979 etiam
418 914 604 997 provinciae
626 914 722 997 facta,
745 913 774 978 si
797 934 868 978 cum
891 912 953 976 fide
972 913 1149 978 amicitiam

88 1011 122 1060 33
140 1001 243 1085 ipsius
266 1003 429 1068 coluisset.
473 1001 564 1067 Duos
591 1001 642 1066 illi
663 1002 794 1067 iuvenes
816 1004 909 1084 patre
931 1001 1081 1066 tradente
1104 1024 1150 1066 se-

142 1112 214 1154 cum
237 1090 437 1155 militaturos
461 1091 550 1174 sequi
573 1090 677 1156 iussit.
838 1168 841 1173 ⁶

88 1187 123 1236 34
228 1177 355 1243 Relicta
378 1177 490 1243 deinde
513 1179 674 1263 phalange
697 1178 738 1244 ad
757 1177 951 1262 subigendos
970 1174 1150 1263 Sogdianos,
1163 1181 1204 1245 10

141 1265 197 1348 qui
221 1265 417 1350 defecerant,
440 1288 512 1331 cum
535 1267 643 1350 equite
665 1267 831 1350 processit.
876 1266 1022 1330 Arduum
1046 1270 1079 1331 et
1102 1267 1150 1331 in-

140 1353 285 1436 peditum
309 1353 394 1418 saxis
422 1354 486 1419 iter
513 1355 619 1437 primo
646 1357 820 1437 utcumque
846 1354 1046 1437 tolerabant,
1074 1375 1151 1419 mox

141 1461 296 1526 equorum
325 1462 391 1505 non
417 1442 547 1526 ungulis
579 1441 673 1507 modo
703 1441 841 1525 attritis,
875 1441 930 1506 sed
963 1443 1150 1524 corporibus

141 1529 241 1593 etiam
262 1528 412 1613 fatigatis
442 1530 533 1614 sequi
560 1530 705 1615 plerique
726 1551 793 1594 non
815 1533 968 1613 poterant
991 1534 1024 1594 et
1046 1531 1149 1596 rarius

141 1617 276 1682 subinde
302 1638 418 1702 agmen
440 1618 539 1683 fiebat
561 1617 729 1703 pudorem,
755 1621 793 1683 ut
814 1617 881 1682 fere
904 1618 955 1700 fit,
978 1618 1149 1683 immodico

88 1723 122 1773 35
141 1705 252 1771 labore
284 1706 441 1771 vincente.
488 1705 559 1770 Rex
585 1710 697 1771 tamen
726 1705 861 1770 subinde
894 1727 992 1789 equos
1020 1709 1149 1771 mutans

143 1795 212 1858 sine
249 1794 486 1859 intermissione
522 1794 682 1879 fugientes
718 1794 955 1878 insequebatur.
1013 1793 1149 1860 Nobiles

141 1883 273 1947 iuvenes
302 1879 455 1948 ¹comitari
487 1905 559 1948 eum
592 1882 681 1947 soliti
708 1881 891 1947 defecerant
921 1885 1050 1964 praeter
1076 1881 1150 1948 Phi·

141 1971 275 2055 lippum.
320 1970 507 2055 Lysimachi
530 1974 599 2036 erat
621 1971 735 2053 frater,
761 1973 831 2034 tum
858 1969 998 2053 primum
1022 1969 1150 2035 adultus

89 2075 123 2124 ee
142 2063 188 2141 et,
211 2059 296 2141 quod
319 2057 413 2122 facile
438 2059 619 2142 adpareret,
645 2058 764 2123 indolis
787 2079 888 2123 rarae.
931 2055 964 2121 Is
987 2057 1083 2141 pedes
1108 2094 1150 2105 —

142 2145 329 2209 incredibile
349 2146 437 2210 dictu
458 2182 496 2192 -
518 2168 576 2230 per
596 2164 621 2210 1)
645 2145 750 2211 stadia
771 2149 898 2209 vectum
920 2165 1030 2230 regern
1052 2147 1150 2210 comi·

141 2236 230 2297 tatus
263 2236 327 2314 est,
364 2254 459 2316 saepe
491 2255 609 2317 equum
641 2255 734 2298 suum
766 2233 919 2297 offerente
945 2231 1151 2320 Lysimacho,

141 2341 200 2384 nec
222 2323 345 2403 tamen,
368 2324 405 2385 ut
427 2320 648 2406 digrederetur
671 2343 690 2385 a
713 2340 803 2406 rege,
826 2321 910 2386 effici
932 2321 1053 2404 potuit,
1077 2344 1151 2387 cum

89 2427 123 2476 er
141 2408 242 2473 lorica
263 2408 394 2473 indutus
417 2431 508 2474 arma
530 2411 683 2495 gestaret.
727 2407 830 2492 idem,
857 2430 929 2473 cum
957 2414 1151 2492 perventum

143 2501 230 2562 esset
247 2498 281 2561 in
301 2498 428 2582 saltum,
449 2499 483 2562 in
502 2519 564 2582 quo
583 2518 618 2562 se
635 2497 767 2562 barbari
787 2496 989 2579 abdiderant,
1007 2497 1152 2562 nobilem

143 2586 245 2651 edidit
271 2607 414 2671 pugnam
444 2607 616 2670 regemque
639 2585 817 2650 comminus
841 2605 914 2649 oum
941 2584 1035 2649 hoste
1059 2585 1152 2650 dimi·

89 2691 124 2740 38
143 2677 271 2738 cantem
284 2675 435 2756 protexit.
477 2673 540 2739 Sed
552 2677 726 2759 postquam
739 2673 870 2738 barbari
883 2671 917 2736 in
931 2671 1043 2756 fugam
1057 2673 1152 2738 effusi

144 2761 310 2826 deseruere
330 2762 439 2845 silvas,
462 2762 597 2844 enimus,
621 2763 677 2846 qui
699 2761 734 2826 in
757 2761 869 2826 ardore
889 2780 1016 2845 pugnae
1036 2782 1151 2844 corpus

144 2851 395 2934 sustentaverat,
427 2850 524 2934 liquit
556 2850 725 2934 subitoque
754 2871 792 2913 ex
820 2849 969 2914 omnibus
997 2849 1152 2914 membris

142 2936 275 3021 profuso
303 2938 419 3002 sudore
447 2936 572 3003 arboris
599 2939 765 3022 proximae
793 2936 899 3020 stipiti
926 2958 960 3001 se
989 2937 1153 3020 adplicuit

90 3048 124 3096 ao
143 3024 267 3090 Deinde
290 3047 331 3090 ne
353 3025 411 3090 illo
435 3026 564 3110 quidem
588 3025 782 3091 adminiculo
801 3025 982 3090 sustinente
1001 3025 1152 3090 manibus

142 3114 228 3199 regis
257 3118 409 3198 exceptus
437 3119 501 3198 est,
527 3116 612 3180 inter
639 3137 717 3199 quas
745 3115 916 3197 conlapsus
945 3113 1153 3198 extinguitur.

90 3223 125 3272 40
143 3203 304 3268 Maestum
331 3222 441 3286 regem
466 3203 549 3267 alius
570 3203 658 3268 haud
679 3203 760 3268 levis
783 3202 877 3267 dolor
902 3201 1035 3284 excepit.
1080 3201 1153 3266 Eri-

144 3292 237 3376 gyius
265 3292 350 3356 inter
372 3291 475 3356 claros
499 3291 594 3356 duces
616 3291 735 3357 tuerat:
759 3312 853 3374 quem
877 3290 1057 3354 extinctum
1080 3311 1151 3355 esse

144 3381 240 3464 paulo
274 3382 362 3461 ante,
399 3400 496 3463 quam
526 3383 741 3446 reverteretur
772 3379 806 3442 in
838 3380 958 3462 castra,
990 3379 1152 3463 cognovit.

143 3467 320 3554 Utriusque
342 3468 438 3532 funus
462 3469 550 3532 omni
573 3472 732 3552 apparatu
755 3469 851 3550 etque
871 3466 994 3531 honore
1013 3467 1152 3532 celebra·

143 3560 214 3622 tum
237 3562 293 3624 est.
