2444 3908
186 187 187 190 ,
298 151 550 207 HISTORIARUM
569 153 782 207 ALEXANDRI
800 154 851 224 IV,
871 163 894 209 1.
1080 156 1123 223 33

117 299 239 360 serunt:
263 295 318 359 sed
342 317 396 360 eos
419 294 581 379 Amyntas
607 297 728 377 proelio
756 303 924 381 superatos
950 299 984 362 in
1010 299 1123 369 urbem

116 384 270 468 conpellit
287 384 463 467 castrisque
479 385 593 467 positis
606 386 742 449 victores
756 386 798 449 ad
810 387 1012 469 populandos
1026 408 1122 470 agros

115 473 311 536 discurrunt:
348 473 435 535 velut
470 472 505 534 in
538 473 641 537 medio
674 473 788 555 positis
819 474 946 556 praedis
980 473 1122 537 hostium

116 563 231 623 cuncta
255 560 441 643 agebantur.
481 559 593 643 Itaque
612 558 766 643 Mazaces,
789 582 983 644 quamquam
1003 562 1176 630 infelicior

115 647 238 730 proelio
259 668 390 711 suorum
408 647 533 712 animos
551 649 680 712 territos
699 668 769 712 esse
788 651 992 732 cognoverat,
1014 653 1123 712 tamen

116 736 263 817 palantes
295 738 328 798 et
352 735 510 820 ,victoriae
537 735 654 799 fiducia
680 735 827 800 incautos
856 739 1024 800 ostentans
1052 758 1122 818 per-

116 824 212 906 pulit,
237 844 278 886 ne
301 823 486 887 dubitarent
509 845 547 886 ex
568 825 647 887 urbe
671 844 836 906 erumpere
860 828 892 886 et
913 844 964 886 res
988 823 1122 887 amissas

116 911 301 993 reciperare.
333 909 373 974 Id
396 912 562 975 consilium
579 933 646 975 non
662 911 788 974 ratione
806 911 1003 995 prudentius,
1026 932 1123 995 quam
1141 932 1175 980 33

116 1002 232 1062 eventu
259 999 383 1062 felicius
410 999 484 1062 fuit:
522 998 561 1062 ad
589 1021 689 1062 unum
717 1020 827 1063 omnes
853 1000 1020 1082 cumipse
1044 999 1122 1062 duce

117 1087 214 1149 occisi
241 1089 325 1150 sunt.
370 1085 439 1150 Has
461 1107 581 1169 poenas
604 1086 763 1169 Amyntas
786 1087 912 1171 utrique
934 1087 1004 1171 regi
1027 1087 1123 1168 dedit,

116 1173 217 1237 nihilo
243 1173 347 1258 magis
375 1173 418 1257 ei,
450 1174 490 1237 ad
518 1196 612 1258 quem
635 1174 866 1258 transfugerat,
898 1174 994 1258 fidus,
1027 1195 1122 1257 quam

116 1260 177 1342 illi,
200 1282 295 1345 quern
317 1262 507 1325 deseruerat.

75 1396 98 1460 6
205 1390 302 1456 Darei
331 1397 510 1477 praetores,
542 1393 597 1477 qui
628 1394 750 1476 proelio
783 1393 868 1476 apud
891 1392 985 1457 Isson
1013 1415 1121 1476 supcr-
1141 1412 1176 1460 34

116 1480 258 1563 fuerant,
285 1503 356 1545 cum
381 1482 468 1546 omni
490 1504 603 1564 manu,
626 1502 707 1564 quae
729 1481 891 1565 fugientes
913 1483 1022 1545 secuta
1045 1483 1122 1564 erat,

117 1567 288 1651 adsumpta
301 1570 398 1633 etiam
413 1566 639 1652 Cappadocum
654 1573 686 1631 et
699 1567 944 1652 Paphlagonum
957 1569 1122 1636 iuventute

115 1655 251 1737 Lydiam
285 1656 461 1739 reciperare
495 1657 706 1739 temptabant.
759 1656 957 1739 Antigonus,
993 1659 1123 1739 praetor
1141 1674 1175 1724 35

116 1740 303 1824 Alexandri,
325 1741 445 1824 Lydiae
468 1748 627 1825 praeerat:
659 1743 712 1826 qui
737 1764 930 1824 quamquam
953 1744 1122 1826 plerosque

116 1827 256 1892 militum
279 1849 318 1891 ex
340 1829 506 1911 praesidiis
530 1830 570 1892 ad
592 1850 702 1913 regem
723 1830 895 1911 dimiserat,
917 1834 1028 1893 tamen
1049 1831 1122 1893 bar-

116 1916 204 1980 baris
233 1916 349 1998 spretis
371 1916 407 1979 in
429 1916 529 1979 aciem
553 1938 628 1980 suos
652 1915 768 1979 eduxit.
812 1916 934 1980 Eadem
957 1917 1022 1980 illic
1046 1937 1122 2001 quo·

117 2025 179 2087 que
197 2003 337 2068 >fortuna
362 2003 503 2086 partium
529 2003 605 2067 fuit:
642 2003 745 2067 tribus
773 2005 904 2086 proeliis
935 2005 998 2067 alia
1026 2007 1122 2088 atque

117 2093 180 2155 alia
201 2091 334 2175 regione
357 2091 532 2155 commissis
547 2091 661 2155 Persae
680 2092 865 2154 funduntur.
901 2091 1026 2157 Eodem
1043 2096 1122 2155 tem·
1141 2111 1176 2160 36

115 2202 193 2264 pore
221 2180 331 2243 classis
358 2179 569 2243 Macedonum
598 2201 636 2242 ex
659 2176 793 2243 Graecia
821 2181 923 2243 accita
945 2180 1122 2244 Aristome-

116 2289 194 2349 nen,
226 2268 280 2350 qui
307 2267 348 2330 ad
369 2267 571 2351 Hellesponti
598 2289 687 2332 oram
710 2267 950 2350 reciperandam
974 2291 993 2332 a
1015 2268 1121 2332 Dareo

117 2357 187 2419 erat
212 2356 341 2439 missus,
373 2357 475 2438 captis
503 2356 569 2419 eius
597 2358 652 2418 aut
680 2356 796 2419 eversis
823 2355 959 2419 navibus
983 2360 1122 2437 superat.

115 2441 148 2506 A
178 2441 310 2507 Milesiis
342 2443 455 2506 deinde
487 2442 728 2522 Pharnabazus,
763 2442 942 2525 praefectus
974 2442 1122 2506 Persicae
1141 2463 1174 2511 37

116 2531 241 2613 classis,
271 2531 409 2613 pecunia
435 2534 547 2593 exacta
574 2534 606 2591 et
632 2528 790 2610 praesidio
813 2530 848 2591 in
871 2530 982 2592 urbem
1006 2527 1123 2594 Chium

115 2618 299 2682 introducto
327 2621 456 2682 centum
482 2616 617 2679 navibus
640 2615 787 2678 Andrum
815 2620 847 2679 et
868 2616 942 2680 inde
966 2615 1122 2699 Siphnum

115 2707 218 2788 petiit.
254 2705 323 2770 Has
347 2725 472 2790 quoque
495 2702 616 2767 insulas
635 2703 803 2784 praesidiis
822 2707 965 2787 occupat,
987 2705 1122 2787 pecunia

116 2795 241 2858 multat.

207 2922 396 3007 Magnitudo
419 2924 503 3007 belli,
526 2923 610 3007 quod
634 2925 674 2987 ab
699 2923 948 3005 opulentissimis
971 2923 1121 3004 Europae
1141 2944 1175 2990 38

117 3012 277 3094 Asiaeque
304 3011 432 3095 regibus
459 3012 494 3074 in
521 3033 609 3095 spem
637 3012 736 3075 totius
760 3012 845 3074 orbis
870 3011 1045 3092 occupandi
1069 3031 1121 3093 ge-

116 3101 256 3180 rebatur,
280 3098 432 3163 Graeciae
455 3122 580 3184 quoque
604 3103 636 3162 et
652 3097 766 3162 Cretae
790 3119 879 3160 arma
898 3103 1121 3161 commoverat.

117 3188 211 3272 Agis,
237 3187 561 3252 Lacedaemoniorum
584 3209 647 3263 rex,
671 3189 742 3249 octo
766 3186 894 3248 milibus
919 3186 1121 3266 Graecorum,
1141 3206 1175 3252 39

118 3277 173 3359 qui
204 3297 242 3338 ex
270 3275 381 3340 Cilicia
412 3276 542 3359 profugi
572 3275 682 3337 domos
710 3275 917 3356 repetierant,
950 3274 1121 3336 contractis

117 3363 236 3427 bellum
263 3363 450 3446 Antipatro,
482 3361 687 3425 Macedoniae
715 3362 890 3444 praefecto,
923 3362 1121 3422 moliebatur.

118 3449 286 3515 Cretenses
312 3451 372 3513 has
400 3454 456 3514 aut
482 3451 553 3513 illas
581 3453 687 3533 partes
717 3451 817 3512 secuti
839 3470 924 3511 nunc
949 3447 1120 3529 Spartano·
1141 3469 1176 3512 re

117 3561 202 3621 rum,
232 3559 317 3602 nunc
339 3537 551 3602 Macedonum
579 3537 745 3620 praesidiis
769 3537 1030 3617 occupabantur.
1068 3530 1147 3586 beo

172 3641 264 3682 Curtius
277 3642 356 3682 Rufus,
916 3643 935 3684 {a
