2444 3908
135 153 199 217 134
506 151 537 217 Q.
557 151 667 207 OURTI
685 151 771 207 RUFI

133 299 247 362 tulisse
266 319 300 361 se
322 296 479 360 adfirmat.
520 295 590 371 Quo
609 295 759 379 propiore
783 294 885 380 gradu
909 294 1070 359 amicitiae
1093 317 1151 360 me

81 406 114 455 32
135 385 310 470 contingis,
337 385 398 449 hoc
425 384 530 449 maius
554 388 604 448 est
627 383 894 448 dissimulationis
916 387 992 448 tuae
1017 382 1151 449 facinus

135 477 167 539 et
199 494 259 558 ego
287 470 441 538 Cebalino
475 473 579 556 magis
610 493 707 557 quam
733 470 883 536 Philotae
913 471 946 535 id
974 472 1151 538 convenire

133 562 247 628 fateor.
283 560 458 626 Faventem
476 560 576 626 habes
595 560 746 642 iudicem,
766 559 806 639 si,
825 559 911 643 quod
929 559 1060 624 admitti
1078 581 1152 625 non

81 670 115 719 33
135 650 290 734 oportuit,
323 650 440 714 saltem
472 649 604 733 purgari
624 646 764 731 potest'.
811 648 863 712 Ad
885 648 964 712 haec
995 647 1150 714 Philotas

134 738 220 803 haud
239 760 315 803 sane
334 738 494 821 trepidus,
518 739 545 801 si
564 737 689 802 animus
709 737 801 800 vultu
820 736 1060 811 aestimaretur,
1087 735 1150 802 Oe-

135 828 282 892 balinum
306 827 434 911 quidem
454 825 552 890 scorti
575 847 755 916 sermonem
777 824 818 888 ad
837 845 871 889 se
894 824 1065 909 detulisse,
1089 827 1150 891 sed

134 916 242 1000 ipsum
259 919 327 980 tam
344 915 409 980 levi
428 914 553 979 auctori
570 913 653 978 nihil
672 913 845 978 credidisse
863 913 1043 996 respondit,
1063 915 1150 978 reri·

135 1008 218 1088 tum,
241 1026 281 1068 ne
301 1004 443 1087 iurgium
461 1003 545 1067 inter
565 1007 742 1068 amatorem
760 1005 793 1068 et
811 1002 972 1066 exoletum
989 1022 1057 1066 non
1076 1003 1149 1067 sine

82 1113 117 1160 cs
135 1093 204 1157 risu
219 1093 354 1157 aliorum
368 1091 550 1156 detulisset:
570 1113 642 1156 cum
656 1091 803 1175 Dymnus
818 1093 921 1155 semet
934 1090 1150 1175 interemerit

136 1180 381 1264 qualiacumque
405 1185 509 1262 erant,
531 1200 598 1243 non
619 1180 720 1244 fuisse
738 1178 909 1243 reticenda.
946 1176 1149 1261 Conplexus-

135 1290 197 1352 que
219 1287 327 1351 regem
352 1287 444 1331 orare
468 1267 588 1349 coepit,
610 1271 647 1331 ut
669 1267 877 1350 praeteritam
901 1268 1001 1331 vitam
1026 1267 1150 1352 potius,

135 1376 232 1439 quam
244 1355 380 1436 culpam,
395 1354 516 1418 silentii
529 1357 647 1436 tamen,
661 1375 727 1418 non
740 1353 818 1418 facti
832 1354 939 1436 ullius,
953 1357 1148 1422 intueretur.

82 1464 115 1513 35
134 1442 231 1509 Haud
248 1441 344 1507 facile
363 1442 508 1524 dixerim,
528 1441 740 1506 credideritne
755 1441 783 1505 ei
796 1463 861 1526 rex,
880 1465 922 1507 an
941 1444 1039 1509 altius
1059 1445 1148 1511 iram

134 1529 1147 1703 tererestereresuerrutlttatlmler

82 1744 85 1749 ·
134 1730 204 1773 esse
227 1707 329 1773 videri
353 1707 414 1772 sibi
436 1707 526 1773 dixit.

539 1864 619 1931 Gar.
643 1865 732 1931 VIIL

100 1995 114 2041 1
221 1972 389 2038 Advocato
410 1975 479 2036 tum
499 1972 633 2036 consilio
653 1972 843 2051 amicorum,
867 1972 917 2036 cui
939 1975 1048 2036 tanim
1066 1972 1197 2038 Phi-29

134 2062 218 2126 lotas
243 2060 406 2124 adhibitus
428 2080 495 2123 non
518 2063 580 2142 est,
606 2057 840 2125 Nicomachum
862 2059 1022 2125 introduci
1044 2059 1147 2128 iubet.

99 2148 167 2216 aIs
191 2147 316 2230 eadem,
340 2168 421 2230 quae
444 2146 605 2211 detulerat
623 2147 723 2226 frater
745 2148 786 2212 ad
808 2167 931 2233 regem,
956 2147 1065 2213 ordine
1091 2171 1146 2215 ex·

133 2235 251 2318 posuit.
287 2234 371 2299 Erat
384 2231 536 2299 Craterus
555 2234 627 2317 regi
649 2256 739 2299 carus
763 2236 799 2299 in
819 2237 930 2318 paucis
954 2240 986 2300 et
1008 2257 1047 2301 eo
1065 2236 1145 2303 Phi·

99 2345 115 2392 3
134 2323 221 2387 lotae
237 2322 277 2386 ob
293 2323 542 2387 aemulationem
557 2321 725 2406 dignitatis
743 2323 909 2388 adversus:
928 2345 1031 2408 neque
1049 2324 1145 2410 igno-

133 2412 237 2495 rabat,
256 2431 352 2493 saepe
366 2409 543 2476 Alexandri
561 2410 693 2475 auribus
706 2411 808 2475 nimia
819 2411 995 2476 iactatione
1009 2412 1144 2479 virtutis

135 2504 231 2584 atque
240 2521 357 2584 operae
371 2519 502 2584 gravem
516 2497 616 2564 fuisse
628 2501 661 2562 et
674 2499 715 2563 ob
731 2519 768 2563 ea
781 2520 847 2564 non
862 2499 991 2582 quidem
1002 2501 1145 2587 sceleris,

98 2609 115 2656 4
135 2589 192 2653 sed
206 2588 426 2654 contumaciae
440 2592 550 2652 tamen
564 2608 634 2652 esse
648 2590 840 2670 suspectum.
868 2585 943 2652 Non
957 2588 1056 2654 aliam
1068 2612 1145 2673 pre·

134 2676 241 2740 mendi
259 2675 383 2740 inimici
397 2677 598 2742 occasionem
615 2675 772 2757 aptiorem
789 2675 931 2740 futuram
948 2680 1049 2760 ratus,
1068 2678 1143 2744 odio

31 2796 33 2799 ·
134 2785 192 2828 suo
220 2763 352 2845 pietatis
375 2763 559 2845 praeferens
583 2763 734 2846 speciem,
762 2761 928 2846 ‘Utinam',
950 2765 1070 2848 inquit,
1098 2765 1144 2832 ‘in

99 2872 116 2920 s
134 2850 294 2934 principio
314 2871 440 2935 quoque
457 2851 553 2915 huius
567 2851 615 2915 rei
630 2850 799 2915 nobiscum
814 2851 1038 2917 deliberasses!
1063 2851 1143 2918 Sua·

134 2938 299 3020 sissemus,
323 2938 351 3002 si
368 2936 516 3004 Philotae
535 2936 635 3003 velles
654 2939 833 3022 ignoscere,
855 2940 1013 3022 patereris
1031 2942 1144 3023 potius

133 3027 284 3109 ignorare
309 3047 394 3110 eum,
425 3029 579 3110 quantum
603 3025 735 3090 deberet
756 3027 831 3109 tibi,
859 3049 954 3110 quam
977 3049 1078 3111 usque
1102 3029 1144 3094 ad

133 3115 248 3180 mortis
271 3117 394 3178 metum
422 3114 594 3179 adductum
617 3134 747 3199 cogeres
774 3116 902 3197 saepius
931 3115 970 3180 de
997 3116 1143 3200 periculo

134 3224 206 3285 suo,
225 3224 322 3287 quam
341 3201 380 3266 de
398 3205 455 3267 tuo
474 3203 618 3287 cogitare
636 3202 798 3266 beneficio.
834 3202 893 3267 Ille
912 3204 997 3268 enirn
1016 3225 1145 3287 semper

133 3291 280 3357 insidiari
301 3290 364 3355 tibi
391 3292 524 3375 poterit,
552 3294 589 3355 tu
610 3312 676 3355 non
699 3311 824 3374 semper
846 3289 997 3357 Philotae
1019 3293 1144 3375 poteris

94 3402 114 3450 e
133 3381 308 3465 ignoscere.
352 3377 422 3444 Nec
445 3383 506 3462 est,
529 3379 614 3464 quod
637 3378 800 3444 existimes
823 3401 909 3463 eum,
934 3380 991 3463 qui
1012 3384 1144 3446 tantum

134 3491 230 3534 ausus
254 3473 317 3553 est,
345 3469 440 3534 venia
465 3489 560 3552 posse
584 3468 712 3532 mutari.
753 3465 822 3534 Scit
844 3488 911 3551 eos,
939 3467 995 3552 qui
1017 3468 1145 3535 miseri·

130 3557 275 3623 cordiam
305 3559 586 3642 consumpserunt,
617 3555 754 3642 amplius
782 3575 910 3640 sperare
941 3575 1006 3619 non
1035 3577 1146 3641 posse.
