<?xml version="1.0" encoding="UTF-8"?>
<!DOCTYPE html PUBLIC "-//W3C//DTD XHTML 1.0 Transitional//EN"
    "http://www.w3.org/TR/xhtml1/DTD/xhtml1-transitional.dtd">
<html xmlns="http://www.w3.org/1999/xhtml" xml:lang="en" lang="en">
 <head>
  <title>
</title>
<meta http-equiv="Content-Type" content="text/html;charset=utf-8" />
  <meta name='ocr-system' content='tesseract 3.04.00' />
  <meta name='ocr-capabilities' content='ocr_page ocr_carea ocr_par ocr_line ocrx_word'/>
</head>
<body>
  <div class='ocr_page' id='page_1' title='image "./historiarumalex01rufugoog_0139.png"; bbox 0 0 2444 3908; ppageno 0'>
   <div class='ocr_carea' id='block_1_1' title="bbox 153 117 787 184">
    <p class='ocr_par' dir='ltr' id='par_1_1' title="bbox 153 117 787 184">
     <span class='ocr_line' id='line_1_1' title="bbox 153 117 787 184; baseline -0.002 -12"><span class='ocrx_word' id='word_1_1' title='bbox 153 120 216 184; x_wconf 88' lang='grc'>106</span> <span class='ocrx_word' id='word_1_2' title='bbox 522 117 553 183; x_wconf 82' lang='lat' dir='ltr'>Q.</span> <span class='ocrx_word' id='word_1_3' title='bbox 575 117 684 172; x_wconf 83' lang='lat' dir='ltr'><strong>OURTI</strong></span> <span class='ocrx_word' id='word_1_4' title='bbox 701 118 787 172; x_wconf 79' lang='lat' dir='ltr'><strong>RUFI</strong></span> 
     </span>
    </p>
   </div>
   <div class='ocr_carea' id='block_1_2' title="bbox 113 257 1212 345">
    <p class='ocr_par' dir='ltr' id='par_1_2' title="bbox 113 257 1212 345">
     <span class='ocr_line' id='line_1_2' title="bbox 113 257 1212 345; baseline 0 -18"><span class='ocrx_word' id='word_1_5' title='bbox 113 285 131 335; x_wconf 74' lang='lat' dir='ltr'>r</span> <span class='ocrx_word' id='word_1_6' title='bbox 152 265 249 328; x_wconf 90' lang='lat' dir='ltr'>alium</span> <span class='ocrx_word' id='word_1_7' title='bbox 268 283 362 345; x_wconf 91' lang='lat' dir='ltr'>posse</span> <span class='ocrx_word' id='word_1_8' title='bbox 380 261 563 345; x_wconf 88' lang='lat' dir='ltr'>praestare&#39;</span> <span class='ocrx_word' id='word_1_9' title='bbox 598 261 717 325; x_wconf 84' lang='lat' dir='ltr'>Bessus</span> <span class='ocrx_word' id='word_1_10' title='bbox 740 283 934 345; x_wconf 88' lang='lat' dir='ltr'>quamquam</span> <span class='ocrx_word' id='word_1_11' title='bbox 957 264 1026 325; x_wconf 87' lang='lat' dir='ltr'>erat</span> <span class='ocrx_word' id='word_1_12' title='bbox 1044 257 1165 325; x_wconf 81' lang='lat' dir='ltr'>Graeci</span> <span class='ocrx_word' id='word_1_13' title='bbox 1177 263 1212 327; x_wconf 88' lang='lat'>31</span> 
     </span>
    </p>
   </div>
   <div class='ocr_carea' id='block_1_3' title="bbox 99 349 1167 2266">
    <p class='ocr_par' dir='ltr' id='par_1_3' title="bbox 99 349 1167 2266">
     <span class='ocr_line' id='line_1_3' title="bbox 152 349 1165 434; baseline -0.003 -18"><span class='ocrx_word' id='word_1_14' title='bbox 152 351 307 416; x_wconf 90' lang='lat' dir='ltr'>sermonis</span> <span class='ocrx_word' id='word_1_15' title='bbox 333 351 479 434; x_wconf 83' lang='lat' dir='ltr'>ignarus,</span> <span class='ocrx_word' id='word_1_16' title='bbox 508 353 617 413; x_wconf 90' lang='lat' dir='ltr'>tamen</span> <span class='ocrx_word' id='word_1_17' title='bbox 644 350 830 413; x_wconf 79' lang='lat' dir='ltr'>stimulante</span> <span class='ocrx_word' id='word_1_18' title='bbox 857 349 1054 412; x_wconf 89' lang='lat' dir='ltr'>conscientia</span> <span class='ocrx_word' id='word_1_19' title='bbox 1076 349 1165 413; x_wconf 93' lang='lat' dir='ltr'>indi·</span> 
     </span>
     <span class='ocr_line' id='line_1_4' title="bbox 152 435 1165 520; baseline -0.002 -18"><span class='ocrx_word' id='word_1_20' title='bbox 152 440 235 503; x_wconf 94' lang='lat' dir='ltr'>cium</span> <span class='ocrx_word' id='word_1_21' title='bbox 261 436 405 520; x_wconf 89' lang='lat' dir='ltr'>profecto</span> <span class='ocrx_word' id='word_1_22' title='bbox 432 437 606 502; x_wconf 78' lang='lat' dir='ltr'><strong>Patronem</strong></span> <span class='ocrx_word' id='word_1_23' title='bbox 633 436 784 500; x_wconf 89' lang='lat' dir='ltr'>detulisse</span> <span class='ocrx_word' id='word_1_24' title='bbox 812 437 974 500; x_wconf 83' lang='lat' dir='ltr'>credebat:</span> <span class='ocrx_word' id='word_1_25' title='bbox 1005 439 1038 499; x_wconf 92' lang='lat' dir='ltr'>et</span> <span class='ocrx_word' id='word_1_26' title='bbox 1059 435 1165 500; x_wconf 91' lang='lat' dir='ltr'>inter-</span> 
     </span>
     <span class='ocr_line' id='line_1_5' title="bbox 150 523 1166 608; baseline 0 -20"><span class='ocrx_word' id='word_1_27' title='bbox 150 525 233 608; x_wconf 90' lang='lat' dir='ltr'>preti</span> <span class='ocrx_word' id='word_1_28' title='bbox 268 527 369 589; x_wconf 89' lang='lat' dir='ltr'>relato</span> <span class='ocrx_word' id='word_1_29' title='bbox 406 546 551 589; x_wconf 86' lang='lat' dir='ltr'>sermone</span> <span class='ocrx_word' id='word_1_30' title='bbox 584 523 697 588; x_wconf 82' lang='lat' dir='ltr'>Graeci</span> <span class='ocrx_word' id='word_1_31' title='bbox 731 527 876 607; x_wconf 89' lang='lat' dir='ltr'>exempta</span> <span class='ocrx_word' id='word_1_32' title='bbox 908 523 1067 587; x_wconf 71' lang='lat' dir='ltr'>dubitatio</span> <span class='ocrx_word' id='word_1_33' title='bbox 1102 527 1166 588; x_wconf 91' lang='lat' dir='ltr'>est.</span> 
     </span>
     <span class='ocr_line' id='line_1_6' title="bbox 150 609 1164 696; baseline -0.002 -19"><span class='ocrx_word' id='word_1_34' title='bbox 150 613 275 677; x_wconf 90' lang='lat' dir='ltr'>Dareus</span> <span class='ocrx_word' id='word_1_35' title='bbox 294 615 411 696; x_wconf 88' lang='lat' dir='ltr'>autem,</span> <span class='ocrx_word' id='word_1_36' title='bbox 434 615 590 696; x_wconf 88' lang='lat' dir='ltr'>quantum</span> <span class='ocrx_word' id='word_1_37' title='bbox 608 633 647 675; x_wconf 89' lang='lat' dir='ltr'>ex</span> <span class='ocrx_word' id='word_1_38' title='bbox 664 612 755 675; x_wconf 86' lang='lat' dir='ltr'>vultu</span> <span class='ocrx_word' id='word_1_39' title='bbox 773 611 898 694; x_wconf 82' lang='lat' dir='ltr'>concipi</span> <span class='ocrx_word' id='word_1_40' title='bbox 915 613 1052 695; x_wconf 92' lang='lat' dir='ltr'>poterat,</span> <span class='ocrx_word' id='word_1_41' title='bbox 1071 609 1164 675; x_wconf 89' lang='lat' dir='ltr'>haud</span> 
     </span>
     <span class='ocr_line' id='line_1_7' title="bbox 151 698 1162 784; baseline 0 -20"><span class='ocrx_word' id='word_1_42' title='bbox 151 722 228 765; x_wconf 92' lang='lat' dir='ltr'>sane</span> <span class='ocrx_word' id='word_1_43' title='bbox 250 701 380 764; x_wconf 90' lang='lat' dir='ltr'>territus</span> <span class='ocrx_word' id='word_1_44' title='bbox 402 700 583 784; x_wconf 86' lang='lat' dir='ltr'>percontari</span> <span class='ocrx_word' id='word_1_45' title='bbox 600 698 741 762; x_wconf 91' lang='lat' dir='ltr'>Patrona</span> <span class='ocrx_word' id='word_1_46' title='bbox 763 720 891 762; x_wconf 89' lang='lat' dir='ltr'>causam</span> <span class='ocrx_word' id='word_1_47' title='bbox 915 699 1049 781; x_wconf 88' lang='lat' dir='ltr'>consilii,</span> <span class='ocrx_word' id='word_1_48' title='bbox 1073 699 1162 782; x_wconf 88' lang='lat' dir='ltr'>quod</span> 
     </span>
     <span class='ocr_line' id='line_1_8' title="bbox 112 786 1163 872; baseline -0.008 -14"><span class='ocrx_word' id='word_1_49' title='bbox 112 810 133 858; x_wconf 76' lang='lat'>18</span> <span class='ocrx_word' id='word_1_50' title='bbox 152 789 304 872; x_wconf 72' lang='lat' dir='ltr'>adferret,</span> <span class='ocrx_word' id='word_1_51' title='bbox 341 789 453 871; x_wconf 87' lang='lat' dir='ltr'>eoepit.</span> <span class='ocrx_word' id='word_1_52' title='bbox 506 787 565 850; x_wconf 92' lang='lat' dir='ltr'>Ille</span> <span class='ocrx_word' id='word_1_53' title='bbox 600 807 667 849; x_wconf 92' lang='lat' dir='ltr'>non</span> <span class='ocrx_word' id='word_1_54' title='bbox 697 786 783 849; x_wconf 91' lang='lat' dir='ltr'>ultra</span> <span class='ocrx_word' id='word_1_55' title='bbox 815 786 1024 850; x_wconf 87' lang='lat' dir='ltr'>differendum</span> <span class='ocrx_word' id='word_1_56' title='bbox 1059 788 1163 870; x_wconf 90' lang='lat' dir='ltr'>ratus,</span> 
     </span>
     <span class='ocr_line' id='line_1_9' title="bbox 153 872 1163 960; baseline -0.004 -20"><span class='ocrx_word' id='word_1_57' title='bbox 153 875 307 960; x_wconf 77' lang='lat' dir='ltr'>‘Bessus&#39;,</span> <span class='ocrx_word' id='word_1_58' title='bbox 338 876 456 958; x_wconf 90' lang='lat' dir='ltr'>inquit,</span> <span class='ocrx_word' id='word_1_59' title='bbox 488 873 533 938; x_wconf 76' lang='lat' dir='ltr'>‘et</span> <span class='ocrx_word' id='word_1_60' title='bbox 558 872 764 937; x_wconf 81' lang='lat' dir='ltr'>Nabarzanes</span> <span class='ocrx_word' id='word_1_61' title='bbox 793 874 987 937; x_wconf 89' lang='lat' dir='ltr'>insidiantur</span> <span class='ocrx_word' id='word_1_62' title='bbox 1012 873 1088 937; x_wconf 91' lang='lat' dir='ltr'>tibi:</span> <span class='ocrx_word' id='word_1_63' title='bbox 1127 874 1163 937; x_wconf 91' lang='lat' dir='ltr'>in</span> 
     </span>
     <span class='ocr_line' id='line_1_10' title="bbox 152 960 1162 1028; baseline -0.005 0"><span class='ocrx_word' id='word_1_64' title='bbox 152 965 265 1028; x_wconf 92' lang='lat' dir='ltr'>ultimo</span> <span class='ocrx_word' id='word_1_65' title='bbox 293 963 475 1027; x_wconf 84' lang='lat' dir='ltr'>discrimine</span> <span class='ocrx_word' id='word_1_66' title='bbox 503 983 537 1026; x_wconf 90' lang='lat' dir='ltr'>es</span> <span class='ocrx_word' id='word_1_67' title='bbox 563 963 711 1025; x_wconf 88' lang='lat' dir='ltr'>fortunae</span> <span class='ocrx_word' id='word_1_68' title='bbox 732 964 808 1024; x_wconf 87' lang='lat' dir='ltr'>tuae</span> <span class='ocrx_word' id='word_1_69' title='bbox 831 965 862 1024; x_wconf 86' lang='lat' dir='ltr'>et</span> <span class='ocrx_word' id='word_1_70' title='bbox 884 961 983 1024; x_wconf 85' lang='lat' dir='ltr'>vitae:</span> <span class='ocrx_word' id='word_1_71' title='bbox 1014 960 1068 1024; x_wconf 91' lang='lat' dir='ltr'>hic</span> <span class='ocrx_word' id='word_1_72' title='bbox 1092 961 1162 1024; x_wconf 90' lang='lat' dir='ltr'>dies</span> 
     </span>
     <span class='ocr_line' id='line_1_11' title="bbox 116 1046 1163 1134; baseline -0.006 -16"><span class='ocrx_word' id='word_1_73' title='bbox 116 1056 209 1120; x_wconf 79' lang='lat' dir='ltr'>aaut</span> <span class='ocrx_word' id='word_1_74' title='bbox 235 1049 399 1134; x_wconf 88' lang='lat' dir='ltr'>parricidis</span> <span class='ocrx_word' id='word_1_75' title='bbox 431 1052 488 1113; x_wconf 92' lang='lat' dir='ltr'>aut</span> <span class='ocrx_word' id='word_1_76' title='bbox 514 1050 574 1113; x_wconf 91' lang='lat' dir='ltr'>tibi</span> <span class='ocrx_word' id='word_1_77' title='bbox 602 1051 730 1114; x_wconf 90' lang='lat' dir='ltr'>futurus</span> <span class='ocrx_word' id='word_1_78' title='bbox 760 1047 916 1113; x_wconf 62' lang='lat' dir='ltr'>ultimus!</span> <span class='ocrx_word' id='word_1_79' title='bbox 960 1047 1005 1112; x_wconf 80' lang='lat' dir='ltr'>Et</span> <span class='ocrx_word' id='word_1_80' title='bbox 1035 1046 1163 1112; x_wconf 88' lang='lat' dir='ltr'>Patron</span> 
     </span>
     <span class='ocr_line' id='line_1_12' title="bbox 152 1134 1163 1221; baseline -0.002 -20"><span class='ocrx_word' id='word_1_81' title='bbox 152 1138 280 1221; x_wconf 92' lang='lat' dir='ltr'>quidem</span> <span class='ocrx_word' id='word_1_82' title='bbox 321 1136 482 1220; x_wconf 80' lang='lat' dir='ltr'>egregiam</span> <span class='ocrx_word' id='word_1_83' title='bbox 523 1137 704 1201; x_wconf 85' lang='lat' dir='ltr'>conservati</span> <span class='ocrx_word' id='word_1_84' title='bbox 739 1134 824 1220; x_wconf 86' lang='lat' dir='ltr'>regis</span> <span class='ocrx_word' id='word_1_85' title='bbox 860 1135 996 1219; x_wconf 87' lang='lat' dir='ltr'>gloriam</span> <span class='ocrx_word' id='word_1_86' title='bbox 1031 1135 1163 1200; x_wconf 90' lang='lat' dir='ltr'>tulerat.</span> 
     </span>
     <span class='ocr_line' id='line_1_13' title="bbox 99 1223 1164 1306; baseline 0.001 -20"><span class='ocrx_word' id='word_1_87' title='bbox 99 1246 134 1294; x_wconf 92' lang='lat'>10</span> <span class='ocrx_word' id='word_1_88' title='bbox 152 1224 295 1288; x_wconf 83' lang='lat' dir='ltr'>Eludant</span> <span class='ocrx_word' id='word_1_89' title='bbox 317 1245 367 1287; x_wconf 91' lang='lat' dir='ltr'>me</span> <span class='ocrx_word' id='word_1_90' title='bbox 390 1225 473 1306; x_wconf 87' lang='lat' dir='ltr'>licet,</span> <span class='ocrx_word' id='word_1_91' title='bbox 496 1223 610 1306; x_wconf 90' lang='lat' dir='ltr'>quibus</span> <span class='ocrx_word' id='word_1_92' title='bbox 631 1225 714 1287; x_wconf 90' lang='lat' dir='ltr'>forte</span> <span class='ocrx_word' id='word_1_93' title='bbox 731 1228 850 1287; x_wconf 89' lang='lat' dir='ltr'>temere</span> <span class='ocrx_word' id='word_1_94' title='bbox 867 1223 1009 1287; x_wconf 88' lang='lat' dir='ltr'>humana</span> <span class='ocrx_word' id='word_1_95' title='bbox 1027 1224 1164 1306; x_wconf 86' lang='lat' dir='ltr'>negotia</span> 
     </span>
     <span class='ocr_line' id='line_1_14' title="bbox 151 1310 1164 1395; baseline -0.001 -19"><span class='ocrx_word' id='word_1_96' title='bbox 151 1312 238 1376; x_wconf 87' lang='lat' dir='ltr'>volvi</span> <span class='ocrx_word' id='word_1_97' title='bbox 264 1312 379 1395; x_wconf 85' lang='lat' dir='ltr'>agique</span> <span class='ocrx_word' id='word_1_98' title='bbox 408 1332 596 1394; x_wconf 91' lang='lat' dir='ltr'>persuasum</span> <span class='ocrx_word' id='word_1_99' title='bbox 626 1314 687 1374; x_wconf 91' lang='lat' dir='ltr'>est:</span> <span class='ocrx_word' id='word_1_100' title='bbox 724 1310 859 1391; x_wconf 54' lang='lat' dir='ltr'>quidem</span> <span class='ocrx_word' id='word_1_101' title='bbox 887 1311 954 1390; x_wconf 79' lang='lat' dir='ltr'>sato</span> <span class='ocrx_word' id='word_1_102' title='bbox 980 1311 1164 1375; x_wconf 69' lang='lat' dir='ltr'>crediderim</span> 
     </span>
     <span class='ocr_line' id='line_1_15' title="bbox 151 1397 1164 1481; baseline 0.001 -19"><span class='ocrx_word' id='word_1_103' title='bbox 151 1419 297 1481; x_wconf 89' lang='lat' dir='ltr'>nexuque</span> <span class='ocrx_word' id='word_1_104' title='bbox 325 1419 492 1462; x_wconf 88' lang='lat' dir='ltr'>causarum</span> <span class='ocrx_word' id='word_1_105' title='bbox 522 1398 691 1462; x_wconf 85' lang='lat' dir='ltr'>latentium</span> <span class='ocrx_word' id='word_1_106' title='bbox 723 1403 755 1461; x_wconf 91' lang='lat' dir='ltr'>et</span> <span class='ocrx_word' id='word_1_107' title='bbox 785 1397 887 1461; x_wconf 92' lang='lat' dir='ltr'>multo</span> <span class='ocrx_word' id='word_1_108' title='bbox 918 1401 992 1461; x_wconf 89' lang='lat' dir='ltr'>ante</span> <span class='ocrx_word' id='word_1_109' title='bbox 1020 1397 1164 1464; x_wconf 90' lang='lat' dir='ltr'>destina·</span> 
     </span>
     <span class='ocr_line' id='line_1_16' title="bbox 152 1484 1164 1569; baseline 0.001 -20"><span class='ocrx_word' id='word_1_110' title='bbox 152 1489 258 1549; x_wconf 88' lang='lat' dir='ltr'>tarum</span> <span class='ocrx_word' id='word_1_111' title='bbox 289 1508 382 1549; x_wconf 92' lang='lat' dir='ltr'>suum</span> <span class='ocrx_word' id='word_1_112' title='bbox 413 1506 568 1569; x_wconf 92' lang='lat' dir='ltr'>quemque</span> <span class='ocrx_word' id='word_1_113' title='bbox 598 1486 742 1550; x_wconf 91' lang='lat' dir='ltr'>ordinem</span> <span class='ocrx_word' id='word_1_114' title='bbox 773 1484 956 1548; x_wconf 85' lang='lat' dir='ltr'>inmutabili</span> <span class='ocrx_word' id='word_1_115' title='bbox 986 1485 1057 1568; x_wconf 84' lang='lat' dir='ltr'>lege</span> <span class='ocrx_word' id='word_1_116' title='bbox 1088 1507 1164 1569; x_wconf 89' lang='lat' dir='ltr'>per-</span> 
     </span>
     <span class='ocr_line' id='line_1_17' title="bbox 101 1570 1164 1656; baseline 0.001 -20"><span class='ocrx_word' id='word_1_117' title='bbox 101 1594 133 1643; x_wconf 88' lang='lat'>11</span> <span class='ocrx_word' id='word_1_118' title='bbox 153 1593 286 1637; x_wconf 87' lang='lat' dir='ltr'>currere.</span> <span class='ocrx_word' id='word_1_119' title='bbox 307 1572 446 1642; x_wconf 72' lang='lat' dir='ltr'>‚Dareus</span> <span class='ocrx_word' id='word_1_120' title='bbox 469 1577 554 1638; x_wconf 88' lang='lat' dir='ltr'>certe</span> <span class='ocrx_word' id='word_1_121' title='bbox 575 1573 749 1655; x_wconf 88' lang='lat' dir='ltr'>respondit,</span> <span class='ocrx_word' id='word_1_122' title='bbox 771 1594 964 1656; x_wconf 91' lang='lat' dir='ltr'>quamquam</span> <span class='ocrx_word' id='word_1_123' title='bbox 985 1572 1047 1636; x_wconf 90' lang='lat' dir='ltr'>sibi</span> <span class='ocrx_word' id='word_1_124' title='bbox 1061 1570 1164 1637; x_wconf 78' lang='lat' dir='ltr'>Grae-</span> 
     </span>
     <span class='ocr_line' id='line_1_18' title="bbox 153 1660 1165 1745; baseline 0.001 -20"><span class='ocrx_word' id='word_1_125' title='bbox 153 1682 263 1725; x_wconf 91' lang='lat' dir='ltr'>corum</span> <span class='ocrx_word' id='word_1_126' title='bbox 284 1660 423 1724; x_wconf 89' lang='lat' dir='ltr'>militum</span> <span class='ocrx_word' id='word_1_127' title='bbox 443 1661 522 1724; x_wconf 87' lang='lat' dir='ltr'>fides</span> <span class='ocrx_word' id='word_1_128' title='bbox 545 1664 623 1725; x_wconf 89' lang='lat' dir='ltr'>nota</span> <span class='ocrx_word' id='word_1_129' title='bbox 650 1661 705 1744; x_wconf 91' lang='lat' dir='ltr'>sit,</span> <span class='ocrx_word' id='word_1_130' title='bbox 731 1682 906 1744; x_wconf 89' lang='lat' dir='ltr'>numquam</span> <span class='ocrx_word' id='word_1_131' title='bbox 928 1664 1038 1724; x_wconf 90' lang='lat' dir='ltr'>tamen</span> <span class='ocrx_word' id='word_1_132' title='bbox 1061 1682 1081 1723; x_wconf 91' lang='lat' dir='ltr'>a</span> <span class='ocrx_word' id='word_1_133' title='bbox 1102 1682 1165 1745; x_wconf 91' lang='lat' dir='ltr'>po·</span> 
     </span>
     <span class='ocr_line' id='line_1_19' title="bbox 152 1746 1165 1830; baseline 0.003 -20"><span class='ocrx_word' id='word_1_134' title='bbox 152 1748 317 1830; x_wconf 87' lang='lat' dir='ltr'>pularibus</span> <span class='ocrx_word' id='word_1_135' title='bbox 345 1750 410 1812; x_wconf 88' lang='lat' dir='ltr'>suis</span> <span class='ocrx_word' id='word_1_136' title='bbox 438 1770 644 1812; x_wconf 86' lang='lat' dir='ltr'>recessurum.</span> <span class='ocrx_word' id='word_1_137' title='bbox 687 1746 857 1813; x_wconf 86' lang='lat' dir='ltr'>Difficilius</span> <span class='ocrx_word' id='word_1_138' title='bbox 887 1749 948 1812; x_wconf 90' lang='lat' dir='ltr'>sibi</span> <span class='ocrx_word' id='word_1_139' title='bbox 975 1769 1043 1811; x_wconf 90' lang='lat' dir='ltr'>esse</span> <span class='ocrx_word' id='word_1_140' title='bbox 1073 1748 1165 1813; x_wconf 85' lang='lat' dir='ltr'>darn·</span> 
     </span>
     <span class='ocr_line' id='line_1_20' title="bbox 153 1836 1165 1920; baseline 0.002 -21"><span class='ocrx_word' id='word_1_141' title='bbox 153 1857 244 1919; x_wconf 89' lang='lat' dir='ltr'>nare,</span> <span class='ocrx_word' id='word_1_142' title='bbox 267 1856 363 1920; x_wconf 86' lang='lat' dir='ltr'>quam</span> <span class='ocrx_word' id='word_1_143' title='bbox 387 1836 498 1919; x_wconf 89' lang='lat' dir='ltr'>decipi.</span> <span class='ocrx_word' id='word_1_144' title='bbox 543 1836 703 1920; x_wconf 80' lang='lat' dir='ltr'>Quidquid</span> <span class='ocrx_word' id='word_1_145' title='bbox 725 1836 793 1901; x_wconf 87' lang='lat' dir='ltr'>fors</span> <span class='ocrx_word' id='word_1_146' title='bbox 815 1837 954 1919; x_wconf 89' lang='lat' dir='ltr'>tulisset,</span> <span class='ocrx_word' id='word_1_147' title='bbox 976 1836 1062 1899; x_wconf 92' lang='lat' dir='ltr'>inter</span> <span class='ocrx_word' id='word_1_148' title='bbox 1085 1857 1165 1901; x_wconf 91' lang='lat' dir='ltr'>suos</span> 
     </span>
     <span class='ocr_line' id='line_1_21' title="bbox 152 1922 1166 2008; baseline 0 -20"><span class='ocrx_word' id='word_1_149' title='bbox 152 1925 277 2007; x_wconf 89' lang='lat' dir='ltr'>perpeti</span> <span class='ocrx_word' id='word_1_150' title='bbox 299 1925 403 2007; x_wconf 91' lang='lat' dir='ltr'>malle,</span> <span class='ocrx_word' id='word_1_151' title='bbox 425 1946 522 2008; x_wconf 92' lang='lat' dir='ltr'>quam</span> <span class='ocrx_word' id='word_1_152' title='bbox 543 1923 745 2008; x_wconf 83' lang='lat' dir='ltr'>transfugam</span> <span class='ocrx_word' id='word_1_153' title='bbox 768 1923 845 1988; x_wconf 90' lang='lat' dir='ltr'>fieri.</span> <span class='ocrx_word' id='word_1_154' title='bbox 891 1922 967 1988; x_wconf 82' lang='lat' dir='ltr'>Sero</span> <span class='ocrx_word' id='word_1_155' title='bbox 991 1937 1024 1986; x_wconf 82' lang='lat' dir='ltr'>s&#39;e</span> <span class='ocrx_word' id='word_1_156' title='bbox 1046 1924 1166 2008; x_wconf 91' lang='lat' dir='ltr'>perire,</span> 
     </span>
     <span class='ocr_line' id='line_1_22' title="bbox 101 2008 1167 2092; baseline 0 -14"><span class='ocrx_word' id='word_1_157' title='bbox 101 2033 134 2080; x_wconf 76' lang='lat' dir='ltr'>ra</span> <span class='ocrx_word' id='word_1_158' title='bbox 154 2012 182 2076; x_wconf 90' lang='lat' dir='ltr'>si</span> <span class='ocrx_word' id='word_1_159' title='bbox 210 2013 333 2075; x_wconf 89' lang='lat' dir='ltr'>salvum</span> <span class='ocrx_word' id='word_1_160' title='bbox 365 2032 433 2074; x_wconf 90' lang='lat' dir='ltr'>esse</span> <span class='ocrx_word' id='word_1_161' title='bbox 460 2012 577 2074; x_wconf 89' lang='lat' dir='ltr'>milites</span> <span class='ocrx_word' id='word_1_162' title='bbox 603 2012 652 2074; x_wconf 89' lang='lat' dir='ltr'>sui</span> <span class='ocrx_word' id='word_1_163' title='bbox 672 2012 804 2074; x_wconf 90' lang='lat' dir='ltr'>nollent.</span> <span class='ocrx_word' id='word_1_164' title='bbox 848 2008 969 2073; x_wconf 91' lang='lat' dir='ltr'>Patron</span> <span class='ocrx_word' id='word_1_165' title='bbox 992 2010 1167 2092; x_wconf 87' lang='lat' dir='ltr'>desperata</span> 
     </span>
     <span class='ocr_line' id='line_1_23' title="bbox 152 2097 1165 2183; baseline 0.003 -22"><span class='ocrx_word' id='word_1_166' title='bbox 152 2099 237 2182; x_wconf 88' lang='lat' dir='ltr'>regis</span> <span class='ocrx_word' id='word_1_167' title='bbox 259 2099 362 2161; x_wconf 90' lang='lat' dir='ltr'>salute</span> <span class='ocrx_word' id='word_1_168' title='bbox 385 2097 426 2159; x_wconf 89' lang='lat' dir='ltr'>ad</span> <span class='ocrx_word' id='word_1_169' title='bbox 448 2118 511 2174; x_wconf 88' lang='lat' dir='ltr'>eos,</span> <span class='ocrx_word' id='word_1_170' title='bbox 535 2097 649 2179; x_wconf 89' lang='lat' dir='ltr'>quibus</span> <span class='ocrx_word' id='word_1_171' title='bbox 670 2100 826 2180; x_wconf 85' lang='lat' dir='ltr'>praeerat,</span> <span class='ocrx_word' id='word_1_172' title='bbox 848 2097 950 2178; x_wconf 87' lang='lat' dir='ltr'>rediit,</span> <span class='ocrx_word' id='word_1_173' title='bbox 973 2097 1083 2160; x_wconf 89' lang='lat' dir='ltr'>omnia</span> <span class='ocrx_word' id='word_1_174' title='bbox 1100 2121 1165 2183; x_wconf 92' lang='lat' dir='ltr'>pro</span> 
     </span>
     <span class='ocr_line' id='line_1_24' title="bbox 152 2183 534 2266; baseline -0.005 -19"><span class='ocrx_word' id='word_1_175' title='bbox 152 2185 215 2247; x_wconf 89' lang='lat' dir='ltr'>fide</span> <span class='ocrx_word' id='word_1_176' title='bbox 238 2183 372 2266; x_wconf 88' lang='lat' dir='ltr'>experiri</span> <span class='ocrx_word' id='word_1_177' title='bbox 395 2187 534 2264; x_wconf 90' lang='lat' dir='ltr'>paratus.</span> 
     </span>
    </p>
   </div>
   <div class='ocr_carea' id='block_1_4' title="bbox 570 2338 741 2406">
    <p class='ocr_par' dir='ltr' id='par_1_4' title="bbox 570 2338 741 2406">
     <span class='ocr_line' id='line_1_25' title="bbox 570 2338 741 2406; baseline -0.012 0"><span class='ocrx_word' id='word_1_178' title='bbox 570 2338 647 2406; x_wconf 72' lang='lat' dir='ltr'>One.</span> <span class='ocrx_word' id='word_1_179' title='bbox 668 2339 741 2404; x_wconf 87' lang='lat' dir='ltr'><strong>XII.</strong></span> 
     </span>
    </p>
   </div>
   <div class='ocr_carea' id='block_1_5' title="bbox 116 2443 1212 3578">
    <p class='ocr_par' dir='ltr' id='par_1_5' title="bbox 120 2443 1212 2967">
     <span class='ocr_line' id='line_1_26' title="bbox 120 2443 1212 2529; baseline 0.001 -14"><span class='ocrx_word' id='word_1_180' title='bbox 120 2472 133 2515; x_wconf 89' lang='lat'>1</span> <span class='ocrx_word' id='word_1_181' title='bbox 241 2444 287 2510; x_wconf 88' lang='lat' dir='ltr'>At</span> <span class='ocrx_word' id='word_1_182' title='bbox 308 2445 426 2511; x_wconf 90' lang='lat' dir='ltr'>Bessus</span> <span class='ocrx_word' id='word_1_183' title='bbox 454 2445 618 2510; x_wconf 90' lang='lat' dir='ltr'>occidendi</span> <span class='ocrx_word' id='word_1_184' title='bbox 644 2445 789 2528; x_wconf 90' lang='lat' dir='ltr'>protinus</span> <span class='ocrx_word' id='word_1_185' title='bbox 816 2444 902 2529; x_wconf 87' lang='lat' dir='ltr'>regis</span> <span class='ocrx_word' id='word_1_186' title='bbox 928 2443 1085 2528; x_wconf 90' lang='lat' dir='ltr'>impetum</span> <span class='ocrx_word' id='word_1_187' title='bbox 1110 2450 1212 2515; x_wconf 75' lang='lat' dir='ltr'>oe-32</span> 
     </span>
     <span class='ocr_line' id='line_1_27' title="bbox 152 2533 1165 2618; baseline 0.003 -20"><span class='ocrx_word' id='word_1_188' title='bbox 152 2538 253 2617; x_wconf 90' lang='lat' dir='ltr'>perat.</span> <span class='ocrx_word' id='word_1_189' title='bbox 298 2533 361 2599; x_wconf 81' lang='lat' dir='ltr'>Sed</span> <span class='ocrx_word' id='word_1_190' title='bbox 383 2534 517 2618; x_wconf 84' lang='lat' dir='ltr'>veritus,</span> <span class='ocrx_word' id='word_1_191' title='bbox 538 2555 578 2598; x_wconf 91' lang='lat' dir='ltr'>ne</span> <span class='ocrx_word' id='word_1_192' title='bbox 601 2534 738 2618; x_wconf 82' lang='lat' dir='ltr'>gratiam</span> <span class='ocrx_word' id='word_1_193' title='bbox 760 2533 944 2616; x_wconf 85' lang='lat' dir='ltr'>Alexandri,</span> <span class='ocrx_word' id='word_1_194' title='bbox 965 2533 1028 2596; x_wconf 91' lang='lat' dir='ltr'>nisi</span> <span class='ocrx_word' id='word_1_195' title='bbox 1050 2533 1165 2601; x_wconf 85' lang='lat' dir='ltr'>vivum</span> 
     </span>
     <span class='ocr_line' id='line_1_28' title="bbox 154 2621 1165 2706; baseline 0.003 -22"><span class='ocrx_word' id='word_1_196' title='bbox 154 2643 227 2685; x_wconf 91' lang='lat' dir='ltr'>eum</span> <span class='ocrx_word' id='word_1_197' title='bbox 249 2622 446 2706; x_wconf 88' lang='lat' dir='ltr'>tradidisset,</span> <span class='ocrx_word' id='word_1_198' title='bbox 467 2623 548 2696; x_wconf 89' lang='lat' dir='ltr'>inire</span> <span class='ocrx_word' id='word_1_199' title='bbox 569 2645 636 2686; x_wconf 93' lang='lat' dir='ltr'>non</span> <span class='ocrx_word' id='word_1_200' title='bbox 657 2624 780 2705; x_wconf 91' lang='lat' dir='ltr'>posset,</span> <span class='ocrx_word' id='word_1_201' title='bbox 802 2621 902 2685; x_wconf 90' lang='lat' dir='ltr'>dilato</span> <span class='ocrx_word' id='word_1_202' title='bbox 924 2621 959 2684; x_wconf 91' lang='lat' dir='ltr'>in</span> <span class='ocrx_word' id='word_1_203' title='bbox 980 2621 1165 2704; x_wconf 88' lang='lat' dir='ltr'>proximam</span> 
     </span>
     <span class='ocr_line' id='line_1_29' title="bbox 152 2709 1165 2793; baseline 0.004 -23"><span class='ocrx_word' id='word_1_204' title='bbox 152 2712 281 2773; x_wconf 88' lang='lat' dir='ltr'>noctem</span> <span class='ocrx_word' id='word_1_205' title='bbox 300 2710 427 2772; x_wconf 90' lang='lat' dir='ltr'>sceleris</span> <span class='ocrx_word' id='word_1_206' title='bbox 446 2711 579 2774; x_wconf 90' lang='lat' dir='ltr'>oonsilio</span> <span class='ocrx_word' id='word_1_207' title='bbox 598 2729 691 2793; x_wconf 87' lang='lat' dir='ltr'>agere</span> <span class='ocrx_word' id='word_1_208' title='bbox 709 2711 773 2791; x_wconf 76' lang='lat' dir='ltr'>regi</span> <span class='ocrx_word' id='word_1_209' title='bbox 791 2710 912 2792; x_wconf 89' lang='lat' dir='ltr'>gratias</span> <span class='ocrx_word' id='word_1_210' title='bbox 930 2709 1053 2791; x_wconf 89' lang='lat' dir='ltr'>incipit,</span> <span class='ocrx_word' id='word_1_211' title='bbox 1075 2711 1165 2792; x_wconf 88' lang='lat' dir='ltr'>quod</span> 
     </span>
     <span class='ocr_line' id='line_1_30' title="bbox 153 2796 1163 2879; baseline 0.004 -22"><span class='ocrx_word' id='word_1_212' title='bbox 153 2796 265 2876; x_wconf 88' lang='lat' dir='ltr'>perfidi</span> <span class='ocrx_word' id='word_1_213' title='bbox 291 2796 432 2860; x_wconf 92' lang='lat' dir='ltr'>hominis</span> <span class='ocrx_word' id='word_1_214' title='bbox 454 2797 600 2879; x_wconf 89' lang='lat' dir='ltr'>insidias,</span> <span class='ocrx_word' id='word_1_215' title='bbox 629 2797 695 2859; x_wconf 88' lang='lat' dir='ltr'>iam</span> <span class='ocrx_word' id='word_1_216' title='bbox 716 2796 891 2860; x_wconf 86' lang='lat' dir='ltr'>Alexandri</span> <span class='ocrx_word' id='word_1_217' title='bbox 914 2817 990 2879; x_wconf 89' lang='lat' dir='ltr'>opes</span> <span class='ocrx_word' id='word_1_218' title='bbox 1014 2799 1163 2879; x_wconf 90' lang='lat' dir='ltr'>spectan-</span> 
     </span>
     <span class='ocr_line' id='line_1_31' title="bbox 153 2882 1164 2967; baseline 0.004 -22"><span class='ocrx_word' id='word_1_219' title='bbox 153 2882 209 2964; x_wconf 89' lang='lat' dir='ltr'>tis,</span> <span class='ocrx_word' id='word_1_220' title='bbox 240 2883 413 2966; x_wconf 90' lang='lat' dir='ltr'>prudenter</span> <span class='ocrx_word' id='word_1_221' title='bbox 444 2887 598 2967; x_wconf 87' lang='lat' dir='ltr'>cauteque</span> <span class='ocrx_word' id='word_1_222' title='bbox 628 2885 770 2947; x_wconf 82' lang='lat' dir='ltr'>vitasset.</span> <span class='ocrx_word' id='word_1_223' title='bbox 821 2882 951 2947; x_wconf 91' lang='lat' dir='ltr'>Donum</span> <span class='ocrx_word' id='word_1_224' title='bbox 978 2904 1055 2953; x_wconf 37' lang='lat' dir='ltr'>eum.</span> <span class='ocrx_word' id='word_1_225' title='bbox 1072 2882 1164 2948; x_wconf 87' lang='lat' dir='ltr'>hosti</span> 
     </span>
    </p>

    <p class='ocr_par' dir='ltr' id='par_1_6' title="bbox 116 2969 1163 3229">
     <span class='ocr_line' id='line_1_32' title="bbox 116 2969 1161 3055; baseline -0.003 -17"><span class='ocrx_word' id='word_1_226' title='bbox 116 2990 135 3038; x_wconf 78' lang='lat'>2</span> <span class='ocrx_word' id='word_1_227' title='bbox 154 2971 295 3033; x_wconf 91' lang='lat' dir='ltr'>laturum</span> <span class='ocrx_word' id='word_1_228' title='bbox 316 2970 415 3034; x_wconf 90' lang='lat' dir='ltr'>fuisse</span> <span class='ocrx_word' id='word_1_229' title='bbox 437 2972 522 3055; x_wconf 89' lang='lat' dir='ltr'>regis</span> <span class='ocrx_word' id='word_1_230' title='bbox 546 2973 649 3054; x_wconf 89' lang='lat' dir='ltr'>caput.</span> <span class='ocrx_word' id='word_1_231' title='bbox 683 2969 752 3034; x_wconf 89' lang='lat' dir='ltr'>Nec</span> <span class='ocrx_word' id='word_1_232' title='bbox 770 2971 880 3034; x_wconf 90' lang='lat' dir='ltr'>mirari</span> <span class='ocrx_word' id='word_1_233' title='bbox 896 2971 1060 3035; x_wconf 92' lang='lat' dir='ltr'>hominem</span> <span class='ocrx_word' id='word_1_234' title='bbox 1077 2991 1161 3035; x_wconf 90' lang='lat' dir='ltr'>mer-</span> 
     </span>
     <span class='ocr_line' id='line_1_33' title="bbox 154 3057 1163 3143; baseline 0.003 -23"><span class='ocrx_word' id='word_1_235' title='bbox 154 3057 227 3120; x_wconf 84' lang='lat' dir='ltr'>cede</span> <span class='ocrx_word' id='word_1_236' title='bbox 255 3058 447 3122; x_wconf 89' lang='lat' dir='ltr'>conductum</span> <span class='ocrx_word' id='word_1_237' title='bbox 475 3058 583 3123; x_wconf 88' lang='lat' dir='ltr'>omnia</span> <span class='ocrx_word' id='word_1_238' title='bbox 608 3058 726 3122; x_wconf 92' lang='lat' dir='ltr'>habere</span> <span class='ocrx_word' id='word_1_239' title='bbox 753 3059 894 3122; x_wconf 75' lang='lat' dir='ltr'>venaliat</span> <span class='ocrx_word' id='word_1_240' title='bbox 926 3059 995 3121; x_wconf 89' lang='lat' dir='ltr'>sine</span> <span class='ocrx_word' id='word_1_241' title='bbox 1016 3057 1163 3143; x_wconf 88' lang='lat' dir='ltr'>pignore,</span> 
     </span>
     <span class='ocr_line' id='line_1_34' title="bbox 154 3144 1162 3229; baseline 0.005 -23"><span class='ocrx_word' id='word_1_242' title='bbox 154 3144 223 3207; x_wconf 91' lang='lat' dir='ltr'>sine</span> <span class='ocrx_word' id='word_1_243' title='bbox 246 3146 321 3229; x_wconf 89' lang='lat' dir='ltr'>lare,</span> <span class='ocrx_word' id='word_1_244' title='bbox 342 3148 500 3209; x_wconf 91' lang='lat' dir='ltr'>terrarum</span> <span class='ocrx_word' id='word_1_245' title='bbox 523 3146 609 3210; x_wconf 92' lang='lat' dir='ltr'>orbis</span> <span class='ocrx_word' id='word_1_246' title='bbox 630 3146 762 3228; x_wconf 90' lang='lat' dir='ltr'>exulem,</span> <span class='ocrx_word' id='word_1_247' title='bbox 784 3146 956 3228; x_wconf 83' lang='lat' dir='ltr'>ancipitem</span> <span class='ocrx_word' id='word_1_248' title='bbox 973 3144 1101 3209; x_wconf 89' lang='lat' dir='ltr'>hostem</span> <span class='ocrx_word' id='word_1_249' title='bbox 1119 3147 1162 3211; x_wconf 88' lang='lat' dir='ltr'>ad</span> 
     </span>
    </p>

    <p class='ocr_par' dir='ltr' id='par_1_7' title="bbox 119 3232 1163 3578">
     <span class='ocr_line' id='line_1_35' title="bbox 119 3232 1163 3316; baseline -0.003 -16"><span class='ocrx_word' id='word_1_250' title='bbox 119 3253 135 3300; x_wconf 85' lang='lat' dir='ltr'>a</span> <span class='ocrx_word' id='word_1_251' title='bbox 154 3235 268 3296; x_wconf 91' lang='lat' dir='ltr'>nutum</span> <span class='ocrx_word' id='word_1_252' title='bbox 287 3233 453 3297; x_wconf 90' lang='lat' dir='ltr'>licentium</span> <span class='ocrx_word' id='word_1_253' title='bbox 471 3233 674 3297; x_wconf 88' lang='lat' dir='ltr'>circumferri.</span> <span class='ocrx_word' id='word_1_254' title='bbox 709 3232 867 3316; x_wconf 84' lang='lat' dir='ltr'>Purganti</span> <span class='ocrx_word' id='word_1_255' title='bbox 885 3232 999 3296; x_wconf 89' lang='lat' dir='ltr'>deinde</span> <span class='ocrx_word' id='word_1_256' title='bbox 1018 3253 1051 3296; x_wconf 92' lang='lat' dir='ltr'>se</span> <span class='ocrx_word' id='word_1_257' title='bbox 1069 3233 1163 3297; x_wconf 86' lang='lat' dir='ltr'>deos·</span> 
     </span>
     <span class='ocr_line' id='line_1_36' title="bbox 155 3318 1163 3406; baseline 0.002 -22"><span class='ocrx_word' id='word_1_258' title='bbox 155 3341 214 3405; x_wconf 91' lang='lat' dir='ltr'>que</span> <span class='ocrx_word' id='word_1_259' title='bbox 246 3321 367 3406; x_wconf 90' lang='lat' dir='ltr'>patrios</span> <span class='ocrx_word' id='word_1_260' title='bbox 398 3323 497 3385; x_wconf 90' lang='lat' dir='ltr'>testes</span> <span class='ocrx_word' id='word_1_261' title='bbox 524 3321 597 3384; x_wconf 88' lang='lat' dir='ltr'>fidei</span> <span class='ocrx_word' id='word_1_262' title='bbox 623 3342 699 3384; x_wconf 90' lang='lat' dir='ltr'>suae</span> <span class='ocrx_word' id='word_1_263' title='bbox 727 3321 890 3384; x_wconf 83' lang='lat' dir='ltr'>invocanti</span> <span class='ocrx_word' id='word_1_264' title='bbox 915 3318 1040 3383; x_wconf 88' lang='lat' dir='ltr'>Dareus</span> <span class='ocrx_word' id='word_1_265' title='bbox 1067 3321 1163 3386; x_wconf 84' lang='lat' dir='ltr'>vultu</span> 
     </span>
     <span class='ocr_line' id='line_1_37' title="bbox 154 3406 1163 3492; baseline -0.001 -19"><span class='ocrx_word' id='word_1_266' title='bbox 154 3409 405 3492; x_wconf 89' lang='lat' dir='ltr'>adsentiebatur,</span> <span class='ocrx_word' id='word_1_267' title='bbox 436 3407 522 3471; x_wconf 91' lang='lat' dir='ltr'>haud</span> <span class='ocrx_word' id='word_1_268' title='bbox 550 3407 678 3490; x_wconf 90' lang='lat' dir='ltr'>dubius,</span> <span class='ocrx_word' id='word_1_269' title='bbox 705 3407 784 3492; x_wconf 93' lang='lat' dir='ltr'>quin</span> <span class='ocrx_word' id='word_1_270' title='bbox 809 3428 885 3471; x_wconf 85' lang='lat' dir='ltr'>vera</span> <span class='ocrx_word' id='word_1_271' title='bbox 911 3406 1113 3471; x_wconf 85' lang='lat' dir='ltr'>deferrentur</span> <span class='ocrx_word' id='word_1_272' title='bbox 1142 3431 1163 3472; x_wconf 88' lang='lat' dir='ltr'>a</span> 
     </span>
     <span class='ocr_line' id='line_1_38' title="bbox 154 3494 1163 3578; baseline -0.001 -17"><span class='ocrx_word' id='word_1_273' title='bbox 154 3495 296 3561; x_wconf 77' lang='lat' dir='ltr'>Graecis:</span> <span class='ocrx_word' id='word_1_274' title='bbox 333 3497 388 3560; x_wconf 90' lang='lat' dir='ltr'>sed</span> <span class='ocrx_word' id='word_1_275' title='bbox 416 3516 453 3559; x_wconf 92' lang='lat' dir='ltr'>eo</span> <span class='ocrx_word' id='word_1_276' title='bbox 480 3516 586 3559; x_wconf 91' lang='lat' dir='ltr'>rerum</span> <span class='ocrx_word' id='word_1_277' title='bbox 613 3498 744 3558; x_wconf 87' lang='lat' dir='ltr'>ventum</span> <span class='ocrx_word' id='word_1_278' title='bbox 771 3496 852 3578; x_wconf 89' lang='lat' dir='ltr'>erat,</span> <span class='ocrx_word' id='word_1_279' title='bbox 884 3497 921 3558; x_wconf 92' lang='lat' dir='ltr'>ut</span> <span class='ocrx_word' id='word_1_280' title='bbox 947 3497 1014 3557; x_wconf 90' lang='lat' dir='ltr'>tam</span> <span class='ocrx_word' id='word_1_281' title='bbox 1036 3494 1163 3578; x_wconf 89' lang='lat' dir='ltr'>pericu-</span> 
     </span>
    </p>
   </div>
   <div class='ocr_carea' id='block_1_6' title="bbox 0 0 1228 3908">
    <p class='ocr_par' dir='ltr' id='par_1_8' title="bbox 0 0 1228 3908">
     <span class='ocr_line' id='line_1_39' title="bbox 0 0 1228 3908; baseline 0 0"><span class='ocrx_word' id='word_1_282' title='bbox 0 0 1228 3908; x_wconf 95' lang='lat' dir='ltr'> </span> 
     </span>
    </p>
   </div>
  </div>
 </body>
</html>
