2444 3908
156 132 222 196 284
532 131 562 196 Q.
583 130 694 186 CURTI
711 132 797 186 RUFI

157 276 258 340 secuti
277 277 377 357 erant,
394 296 414 337 a
432 273 547 338 ceteris
566 274 722 338 discretos
741 275 924 356 elephantis
942 275 978 339 in
993 281 1174 358 conspeetu

132 365 258 427 -totius
287 363 444 426 exercitus
472 362 581 427 obicit.
627 360 808 444 Omnesque
836 362 1006 426 beluarum
1029 363 1174 445 pedibus

106 460 138 510 19
158 450 270 515 obtriti
293 453 368 514 sunt
390 471 448 513 nec
471 449 663 532 prohibente
683 447 834 532 Philippo
860 471 918 514 nec
937 454 1086 515 auctore:
1118 452 1173 515 ad-

157 541 352 622 parebatque
370 537 404 601 id
422 537 518 600 modo
536 558 595 619 pro
616 559 673 601 suo
688 536 932 621 vindicaturum,
953 538 1038 620 quod
1053 539 1173 622 adpro·

157 626 267 690 basset
294 628 436 690 eventus.
485 624 555 687 Hoc
583 625 743 688 bellorum
770 624 914 688 civilium
936 624 1172 691 Macedonibus

105 723 138 772 20
158 718 191 777 et
213 735 307 777 omen
330 716 363 776 et
384 713 579 794 principium
601 711 672 776 fuit.
716 709 880 796 Meleager
906 734 977 777 sero
1000 713 1172 779 intellecta

156 801 268 865 fraude
291 800 461 864 Perdiccae
483 803 553 863 tum
576 799 719 883 quidem,
744 798 820 882 quia
842 799 943 881 ipsius
966 803 1099 883 corpori
1123 803 1172 866 vis

104 898 225 953 alnon
254 887 471 969 adserebatur,
502 888 537 950 in
568 886 696 969 agmine
728 886 869 969 quietus,
889 888 992 951 stetit:
1024 892 1063 952 at
1095 911 1172 953 mox

158 976 311 1040 damnata
342 996 398 1057 spe
431 974 559 1057 salutis,
593 995 665 1039 curn
696 974 762 1038 eius
794 974 938 1058 nomine,
970 996 1068 1058 quem
1099 977 1171 1061 ipae

157 1063 279 1128 fecerat
309 1083 433 1146 regam,
464 1063 498 1126 in
524 1062 699 1144 perniciem
730 1083 821 1125 suam
849 1062 1018 1128 abutentes
1046 1063 1172 1129 videret

156 1152 318 1233 inimicos,
355 1150 502 1232 confugit
532 1149 567 1213 in
597 1150 755 1232 templum
787 1169 838 1232 aa,
868 1171 909 1215 ne
941 1150 1005 1215 loci
1038 1152 1169 1234 quidem

156 1239 313 1322 religione
336 1237 495 1321 defensus,
518 1237 680 1301 occiditur.

590 1391 670 1458 Cur.
693 1392 733 1457 X.

123 1512 137 1560 1
244 1497 398 1562 Perdicca
430 1497 584 1581 perducto
615 1499 651 1562 in
681 1500 793 1564 urbem
825 1500 965 1564 exercitu
994 1500 1171 1565 consilium
1180 1501 1216 1566 30

156 1587 337 1672 principum
360 1586 502 1650 virorum
525 1586 648 1668 habuit,
666 1586 700 1650 in
723 1609 785 1670 quo
808 1587 978 1670 imperium
998 1588 1047 1653 ita
1066 1589 1171 1654 dividi

156 1675 291 1758 placuit,
322 1675 359 1737 ut
385 1695 441 1737 rex
469 1673 597 1757 quidem
625 1696 784 1738 summam
813 1675 880 1739 eius
910 1675 1088 1758 obtineret,
1117 1699 1170 1741 sa-

156 1770 265 1846 trapes
292 1759 497 1826 Ptolemaeus
525 1762 669 1846 Aegypti
695 1767 769 1826 esset
794 1766 827 1825 et
853 1762 983 1826 Africae
1010 1763 1171 1849 gentium,

122 1863 238 1935 aquae
261 1850 293 1913 in
315 1849 440 1913 dicione
465 1852 565 1912 erant.
610 1848 822 1912 Laomedonti
846 1848 942 1932 Syria
967 1871 1039 1914 cum
1062 1849 1170 1917 Phoe-

155 1939 228 2002 nice
252 1937 328 2001 data
351 1940 413 2019 est,
435 1936 586 2000 Philotae
605 1934 719 2000 Cilicia
740 1936 916 2018 destinata,
938 1936 1075 2021 Lyciam
1094 1961 1169 2005 cum

156 2024 349 2107 Pamphylia
372 2027 405 2087 et
426 2024 547 2088 maiore
565 2023 709 2106 Phrygia
731 2024 878 2088 obtinere
898 2024 1005 2089 iussus
1026 2025 1168 2111 Antigo-

155 2135 224 2195 nus,
246 2113 281 2175 in
300 2108 429 2174 Cariam
447 2109 635 2192 Cassander,
657 2109 831 2175 Menander
854 2112 889 2175 in
908 2110 1045 2195 Lydiam
1064 2114 1169 2179 missi.

154 2199 333 2283 Phrygiam
365 2199 521 2261 minorem
552 2196 762 2281 Hellesponto
793 2199 975 2264 adiunctam
1007 2199 1169 2267 Leonnati

120 2287 354 2371 aprovinciam
382 2305 451 2349 esse
477 2285 647 2349 iusserunt.
692 2283 897 2369 Cappadocia
926 2287 1066 2352 Eumeni
1092 2309 1168 2354 eum

155 2373 380 2459 Paphlagonia
401 2372 512 2437 cessit:
534 2376 742 2456 praeceptum
761 2376 823 2453 cst,
846 2379 882 2439 ut
904 2375 1072 2460 regionem
1093 2393 1168 2441 eam

120 2486 255 2616 itt?
269 2460 1168 2634 {l,lttttltltttttt‘lttttffmpttt

155 2639 304 2718 Mediam,
326 2635 540 2719 Lysimachus
566 2635 738 2700 Thraciam
759 2636 986 2721 adpositasque
1005 2638 1168 2704 Thraciae

138 2727 306 2802 ,Ponticas
343 2728 455 2807 gentes
488 2723 633 2787 obtinere
669 2724 757 2789 iussi.
811 2724 873 2800 Qui
903 2724 1014 2789 Indiae
1047 2725 1168 2812 quique

155 2813 281 2876 Bactris
309 2814 342 2874 et
369 2809 540 2894 Sogdianis
563 2811 740 2894 ceterisque
768 2817 824 2876 aut
847 2812 966 2877 Oceani
989 2816 1048 2877 aut
1073 2815 1168 2879 rubri

155 2900 255 2964 maris
279 2899 396 2962 accolis
419 2902 603 2981 praeerant,
626 2899 741 2982 quibus
764 2900 899 2984 quisque
920 2900 1040 2965 finibus
1062 2902 1167 2966 habu-

153 2989 235 3053 isset
260 2986 440 3068 imperium,
463 2986 646 3050 obtinerent
670 2987 832 3052 decretum
855 2990 917 3052 est:
950 2987 1104 3054 Perdicca
1129 2993 1169 3054 ut

154 3098 226 3140 cum
257 3093 334 3156 rege
361 3079 447 3138 esset
475 3074 639 3157 copiisque
665 3080 842 3158 praeesset,
870 3097 952 3159 quae
980 3097 1094 3161 regem
1118 3099 1167 3141 se·

119 3163 345 3246 aquabantur.
400 3158 569 3226 Credidere
601 3162 730 3244 quidam
760 3165 956 3228 testamento
987 3161 1167 3229 Alexandri

155 3250 346 3316 distributas
370 3269 440 3313 esse
458 3250 649 3332 provincias,
672 3250 728 3314 sed
745 3251 867 3314 famam
887 3250 954 3315 cius
973 3252 1030 3334 rei,
1053 3273 1168 3335 quam·

155 3362 252 3424 quarn
274 3338 315 3402 ab
335 3336 518 3402 auctoribus
542 3337 664 3401 tradita
681 3340 745 3419 est,
767 3358 884 3402 vanam
901 3339 1002 3403 fuisse
1021 3340 1168 3423 conperi-

118 3439 234 3492 amus.
279 3426 323 3489 Et
354 3425 483 3509 quidem
515 3445 589 3488 suas
621 3425 755 3508 quisque
788 3446 863 3508 opes
896 3426 1007 3490 divisis
1035 3426 1168 3512 imperii

152 3515 300 3600 partibus
328 3513 502 3597 prudenter
528 3512 592 3596 ipsi
617 3511 844 3596 fundaverant,
873 3513 902 3578 si
928 3535 1083 3598 umquam
1111 3516 1167 3580 ad-
