2444 3908
398 735 446 835 Q.
476 734 667 820 OURTI
692 735 843 820 RUFI

488 888 741 943 HISTORIARUM

96 1143 98 1147 .
188 967 1052 1134 Annxnunaiunour

451 1196 776 1268 MACEDONIS

531 1375 642 1429 LIBER
658 1375 705 1431 IV.

553 1515 631 1582 Car.
654 1517 680 1584 Ι.

79 1693 98 1802 l
203 1707 336 1791 Dareus,
356 1708 441 1771 tanti
458 1709 553 1773 modo
568 1711 724 1774 exercitus
736 1732 800 1794 rex,
823 1711 878 1794 qui
890 1711 1120 1795 triumphantis
1139 1719 1150 1766 ¹

115 1796 220 1880 magis
248 1816 344 1879 quam
375 1795 556 1859 dimicantis
587 1818 675 1860 more
707 1818 801 1861 curru
833 1799 977 1862 sublimis
1004 1801 1121 1863 inierat

114 1885 286 1968 proelium,
317 1904 374 1966 per
400 1883 484 1965 loca,
515 1904 596 1967 quae
623 1905 723 1967 prope
750 1885 915 1948 immensis
938 1886 1120 1970 agminibus

118 1972 307 2054 inpleverat,
336 1970 401 2034 iam
423 1970 533 2034 inania
555 1973 587 2034 et
609 1970 735 2055 ingenti
757 1972 927 2036 solitudine
949 1977 1050 2057 vasta,
1071 1974 1120 2037 fu-

113 2059 232 2144 giebat.
280 2057 377 2122 Pauci
407 2079 515 2143 regem
547 2060 775 2143 sequebantur:
812 2081 888 2124 nam
919 2082 979 2125 nec
1009 2061 1154 2125 eodema

114 2169 226 2212 omncs
247 2147 358 2230 fugam
376 2145 582 2230 intenderant
600 2151 632 2211 et
650 2147 870 2212 deficientibus
888 2148 978 2233 equis
992 2171 1120 2214 cursum

114 2255 238 2385 3:3⁰³>
251 2235 1012 2391 ditlate¹rtdlt¹d⁶etttllldtqudttlt
1034 2240 1154 2387 ert:

115 2371 308 2474 Graecorum
330 2413 482 2495 quattuor
503 2346 603 2473 militi:
626 2432 693 2475 non
716 2373 845 2493 degnius
867 2346 977 2473 tamin
1000 2410 1040 2473 ad
1055 2410 1120 2473 Eu·

113 2497 251 2580 phraten
273 2498 447 2580 contendit,
468 2496 501 2561 id
524 2497 650 2560 demum
669 2497 799 2561 credens
817 2497 886 2561 fore
903 2498 1013 2582 ipsius,
1036 2498 1120 2581 quod

115 2585 276 2650 celeritate
299 2585 479 2669 praecipere
501 2584 667 2667 potuisset.

204 2673 249 2737 At
271 2672 452 2737 Alexander
472 2670 731 2756 Parmenionem,
753 2694 810 2756 per
832 2694 926 2756 quem
949 2674 1034 2756 apud
1056 2672 1119 2737 Da·
1139 2689 1155 2735 4

116 2782 258 2825 mascum
289 2763 417 2843 recepta
448 2762 516 2822 erat
545 2761 674 2844 praeda,
706 2761 827 2824 iussum
860 2783 930 2824 eam
958 2763 1061 2844 ipsam
1089 2765 1122 2824 et

115 2848 260 2931 captivos
294 2847 441 2931 diligenti
471 2847 637 2912 adservare
669 2848 826 2932 custodia,
863 2846 987 2932 Syriae,
1024 2871 1120 2931 quam

116 2934 236 3007 Coelen
257 2939 383 3018 vocant,
405 2935 566 3018 praefecit.
610 2934 738 3000 Novum
761 2936 930 3018 imperium
946 2936 1017 3019 Syri
1040 2959 1119 2999 non·
1139 2951 1154 2998 5

115 3025 191 3088 dum
214 3023 289 3087 belli
312 3023 454 3087 cladibus
475 3025 553 3087 satis
572 3023 684 3087 domiti
702 3025 968 3106 aspernabantur:
993 3024 1047 3087 sed
1071 3046 1119 3087 ce·

114 3113 223 3176 leriter
246 3112 370 3175 subacti
393 3111 596 3175 oboedienter
618 3112 774 3195 imperata
796 3112 948 3175 fecerunt.
993 3112 1119 3174 Aradus

116 3221 240 3283 quoque
267 3200 373 3263 insula
400 3199 524 3262 deditur
546 3200 623 3282 regi.
667 3200 860 3262 Maritimam
883 3204 952 3262 tum
976 3221 1064 3262 oram
1088 3204 1154 3262 eto

115 3287 266 3372 pleraque
292 3287 420 3371 longius
444 3288 540 3350 etiam
564 3309 582 3349 a
605 3288 685 3350 mari
707 3288 886 3350 recedentia
904 3309 958 3350 rex
982 3289 1048 3350 eius
1072 3288 1119 3349 in-

117 3375 204 3438 sulae
227 3373 333 3439 Strato
360 3374 556 3458 possidebat:
587 3396 648 3456 quo
676 3376 711 3436 in
737 3375 833 3437 fidem
861 3379 989 3457 accepto
1015 3378 1120 3437 castra

80 3462 216 3526 2movit
242 3463 282 3526 ad
308 3462 420 3526 urbem
442 3461 623 3525 Marathon.
668 3461 718 3525 Ibi
745 3463 795 3524 illi
818 3462 951 3524 litterae
977 3461 1136 3522 abacos
1150 3478 1174 3516 u
