2444 3908
130 152 194 216 162
498 150 530 217 Q.
550 149 658 206 CURTI
676 149 761 205 RUFI

75 317 110 366 28
128 297 241 380 ltaque
260 294 314 379 qui
333 297 504 359 transeunt
521 314 667 377 campos,
685 293 909 378 navigantium
925 291 1024 357 modo
1042 295 1147 358 noctu

130 384 235 448 sidera
254 383 441 465 observant,
465 382 505 446 ad
527 402 664 466 quorum
683 402 812 447 cursum
834 381 897 445 iter
919 379 1087 464 dirigunt:
1115 384 1148 445 et

128 471 360 555 propemodum
396 470 514 535 clarior
556 473 605 534 est
640 469 744 535 noctis
785 470 900 534 umbra
937 489 1037 552 quam
1072 468 1146 534 luxr

75 581 109 630 aa
131 561 222 643 [ergo
254 558 395 623 interdiu
427 558 515 623 invia
547 561 598 621 est
624 559 729 641 regio,
761 557 836 641 quia
866 577 925 621 nee
953 556 1147 640 vestigium,

130 647 215 731 quod
244 649 433 730 sequantur,
460 647 628 709 inveniunt
655 649 688 709 et
714 645 802 710 nitor
829 645 969 710 siderum
998 645 1145 729 ealigine

130 735 358 815 absconditur]
396 732 546 800 Ceterum
565 733 594 796 si
616 754 696 816 quos
715 733 771 797 ille
789 736 918 815 ventus,
941 731 998 816 qui
1018 754 1040 797 a
1058 733 1145 797 mari

76 844 110 892 30
130 825 286 906 exoritur,
309 821 531 905 deprehendit,
554 820 676 884 harena
699 821 816 886 obruit.
856 820 918 885 Sed
940 841 1007 903 qua
1029 821 1146 885 mitior

128 915 232 976 terrav
256 915 317 994 est,
358 910 472 995 ingens
509 909 675 973 hominum
711 929 927 992 equorumque
962 908 1144 973 multitudo

77 1020 110 1068 31
130 1000 284 1085 gignitur.
332 997 445 1081 Itaque
473 996 640 1062 Bactriani
671 997 795 1080 equites
822 1019 885 1060 xxx
912 994 1004 1059 milia
1037 997 1145 1080 exple

129 1091 251 1152 verant.
279 1085 356 1169 Ipsa
370 1085 503 1169 Bactra,
521 1086 663 1169 regionis
682 1085 750 1148 eius
770 1088 880 1168 caput,
899 1083 964 1147 sita
982 1086 1064 1148 sunt
1081 1084 1143 1149 sub

129 1178 240 1239 monte
263 1172 483 1256 Parapamiso.
527 1172 662 1237 Bactrus
690 1173 793 1237 amnis
822 1171 978 1255 praeterit
1000 1170 1145 1236 moenia

129 1261 162 1325 Is
185 1261 259 1324 urbi
281 1263 315 1324 et
335 1260 460 1344 regioni
482 1259 571 1324 dedit
593 1282 717 1324 nomen.

77 1369 110 1417 32
216 1346 280 1411 Hic
310 1349 379 1431 regi
410 1348 531 1412 stativa
564 1347 698 1411 habenti
716 1347 899 1412 nuntiatur
930 1367 969 1412 ex
1003 1346 1144 1413 Graecia
1154 1347 1184 1413 19

129 1435 437 1518 Peloponnesiorum
475 1435 700 1516 Laconumque
741 1435 877 1500 defectio
916 1470 954 1481 -
993 1436 1144 1501 nondum

130 1523 215 1587 enim
242 1523 319 1588 vieti
350 1526 454 1607 erant,
481 1544 552 1587 cum
580 1524 858 1606 proficiscerentur
885 1524 1048 1588 tumultus
1072 1525 1142 1589 eius

129 1611 288 1695 principia
314 1611 495 1675 nuntiaturi
522 1633 564 1657 ·-
592 1614 626 1674 et
653 1611 735 1675 alius
768 1632 919 1693 praesens
950 1615 1058 1677 terror
1089 1611 1143 1677 ad·

128 1699 246 1782 fertur,
269 1696 420 1782 Scythas,
443 1699 498 1783 qui
520 1699 607 1763 ultra
624 1697 762 1763 Tanaim
786 1719 912 1763 amnem
936 1700 1065 1784 colunt,
1088 1698 1141 1764 ad·

130 1790 262 1871 ventare
284 1787 385 1852 Besso
412 1787 550 1851 ferentes
575 1808 678 1869 opem.
723 1786 846 1851 Eodem
869 1790 1030 1871 tempore,
1059 1809 1141 1872 quae

129 1875 164 1939 in
201 1879 298 1961 gente
329 1874 480 1940 Ariorum
515 1872 660 1940 Caranus
699 1878 731 1939 et
767 1874 922 1959 Erigyius
960 1880 1141 1960 gesserant,

76 1983 111 2032 33
129 1963 343 2047 perferuntur.
388 1960 604 2028 Commissum
632 1965 702 2026 erat
731 1963 890 2045 proelium
922 1962 1008 2027 inter
1034 1963 1142 2029 Mace·

130 2053 229 2117 donas
269 2049 438 2133 Ariosque.
497 2050 681 2134 Transfuga
722 2049 947 2115 Satibarzanes
989 2051 1141 2117 barbaris

129 2142 288 2221 praeerat:
323 2139 378 2221 qui
407 2159 480 2202 cum
508 2158 652 2221 pugnam
679 2158 809 2221 segnem
836 2139 998 2222 utrimque
1026 2141 1140 2224 eequis

129 2226 253 2291 viribus
281 2228 368 2289 stare
395 2225 539 2307 vidisset,
566 2226 601 2289 in
628 2225 749 2308 primos
779 2226 907 2291 ordines
936 2226 1142 2311 adequitavit

130 2313 322 2396 demptaque
344 2312 439 2396 galea
460 2312 623 2396 inhibitis,
645 2314 700 2397 qui
724 2314 790 2377 tela
812 2314 990 2396 iaciebant,
1013 2315 1043 2380 si
1065 2317 1141 2401 quis

130 2402 251 2465 viritim
271 2399 424 2465 dimicare
442 2400 555 2485 vellet,
572 2401 760 2484 provocavit
779 2401 820 2465 ad
838 2422 994 2485 pugnam:
1014 2404 1141 2470 nudum

75 2510 110 2558 34
131 2511 164 2554 se
188 2492 285 2572 caput
308 2491 342 2553 in
360 2489 534 2554 certamine
555 2489 751 2553 habiturum.
786 2488 863 2554 Non
882 2490 960 2554 tulit
981 2490 1141 2557 ferociam

130 2578 261 2643 barbari
288 2577 351 2642 dux
378 2577 465 2641 illius
494 2578 650 2642 exercitus
678 2576 840 2660 Erimus,
869 2577 978 2662 gravis
1006 2579 1142 2662 quidem

130 2669 250 2750 aetate,
274 2666 329 2730 sed
352 2668 386 2730 et
408 2666 508 2729 animi
529 2669 561 2729 et
579 2666 723 2747 corporis
746 2666 861 2729 robore
880 2665 963 2731 nulli
984 2665 1142 2733 iuvenum

129 2753 362 2835 postferendus.
415 2752 448 2816 Is
485 2753 580 2835 galea
612 2753 743 2837 dempta
774 2753 925 2817 canitiem
957 2757 1142 2839 ostentans,

130 2838 262 2924 ‘Venit',
284 2841 402 2924 inquit,
425 2839 517 2924 ‘dies‚
548 2862 611 2924 quo
635 2844 692 2904 aut
714 2841 849 2905 victoria
873 2845 929 2905 aut
951 2845 1059 2907 morte
1081 2842 1142 2911 ho-

128 2928 328 3013 nestissima,
348 2927 459 3010 quales
478 2929 598 2992 amieos
618 2931 651 2992 et
668 2928 788 2992 milites
803 2928 989 2995 Alexander
1007 2929 1144 3017 habeat,

75 3036 109 3084 35
129 3015 318 3081 ostendam’.
349 3014 418 3081 Nec
436 3015 531 3098 plura
554 3017 697 3080 elocutus
717 3038 833 3101 equum
857 3018 891 3081 in
912 3017 1043 3083 hostem
1062 3021 1144 3105 egit.

130 3103 282 3169 Crederes
301 3105 507 3189 imperatum,
524 3107 561 3168 ut
580 3104 664 3169 acies
682 3108 837 3188 utraeque
857 3106 922 3170 tela
939 3104 1145 3177 cohiberent.

128 3192 281 3256 Protinus
305 3195 391 3257 certe
419 3196 620 3257 recesserunt
642 3194 717 3258 dato
745 3193 847 3258 libero
870 3192 990 3279 spatio,
1017 3194 1144 3263 intenti

128 3282 162 3344 in
185 3284 335 3346 eventum
356 3302 422 3345 non
445 3282 561 3346 ducum
584 3281 694 3361 mode,
721 3281 777 3345 sed
801 3281 899 3346 etiam
927 3303 1005 3347 suae
1029 3284 1146 3373 sortis,

76 3391 109 3439 36
130 3370 248 3455 quippe
279 3369 420 3434 alienum
453 3369 624 3434 discrimen
656 3370 805 3434 secuturi.
853 3368 947 3433 Prior
977 3370 1145 3441 barbam

129 3459 237 3524 emisit
262 3458 405 3523 hastam:
437 3480 534 3542 quam
561 3456 713 3542 Erigyius
741 3456 866 3523 modica
894 3457 1009 3541 eapitis
1041 3458 1146 3529 decus

128 3549 258 3612 natione
280 3547 397 3612 vitavit
420 3549 516 3631 atque
540 3547 608 3630 ipse
631 3545 781 3611 infestam
808 3546 944 3611 sarisa-m
967 3566 1053 3631 equo
1076 3548 1152 3619 nik·
1172 3576 1184 3619 ,·
