2444 3908
89 153 154 217 256
173 153 204 219 o.
216 153 325 209 avari
334 128 419 208 aori
429 152 682 209 ersroarason
692 153 907 209 ALEXANDRI
916 153 1006 223 vnn,
1023 159 1068 209 ro.

39 307 70 359 aa
89 297 166 362 tuit:
194 318 437 380 armaquoque
461 297 501 361 ad
528 297 702 381 pristinum
724 297 845 362 refecta
868 301 944 362 sunt
967 298 1105 384 cultum,

90 386 209 469 quippe
226 384 312 449 haud
331 385 443 468 procul
458 408 477 449 a
490 385 619 450 Perside
634 386 769 450 aberant
781 407 849 450 non
861 389 980 469 pacata
994 386 1104 471 modo,

36 486 72 535 24
90 473 144 538 sed
165 477 260 537 etiam
280 473 442 556 opulenta.
475 473 590 559 Igitur,
608 477 646 538 ut
663 494 762 556 supra
779 472 975 558 dictumest,
994 487 1122 539 aemu-¹

90 561 175 625 latus
198 561 305 626 Patris
327 561 437 626 Liberi
459 584 524 626 non
546 563 685 646 gloriam
708 561 825 644 solum,
849 582 946 646 quam
970 582 1011 626 ex
1036 558 1109 627 illis

90 651 241 732 gentibus
273 649 510 732 deportaverat,
542 650 598 713 sed
630 649 727 713 etiam
758 648 894 733 famam,
926 650 995 714 sive
1018 650 1103 716 illud

89 738 273 821 triumphus
293 736 356 801 fuit
367 736 416 802 'ab
435 759 473 803 eo
492 738 633 821 primum
650 738 834 820 institutus,
852 737 926 822 ‚sive
945 738 1102 803 bacchan-

89 827 171 889 tium
201 827 305 907 lusus,
336 826 452 890 statuit
482 827 619 909 imitari,
654 825 761 890 animo
796 846 892 909 super
922 825 1102 892 humanum

37 928 71 976 25
91 913 257 998 fastigium
285 912 380 978 elato.
424 913 535 996 Vicos,
567 935 624 996 per
652 934 732 996 quos
745 911 826 978 'iter
853 912 951 998 erat,
966 914 1101 980 floribus

91 1003 281 1086 coronisque
318 1002 419 1065 sterni
454 1002 557 1086 iubet,
592 1000 761 1066 liminibus
798 1000 925 1067 aedium
958 1006 1102 1068 crateras

3 1118 5 1123 ·
90 1090 165 1154 vino
197 1091 338 1173 repletas
367 1094 399 1154 et
426 1090 491 1153 alia
518 1090 653 1154 eximiae
681 1089 914 1172 magnitudinis
937 1112 1018 1155 vasa
1039 1091 1103 1155 dis·

66 1185 75 1238 '.
90 1173 182 1262 poni,
204 1177 353 1243 vehicula
375 1177 487 1242 deinde
511 1181 686 1260 constrata,
713 1181 751 1240 ut
773 1178 882 1261 plures
906 1199 1020 1262 capere
1043 1177 1102 1244 mi-

27 1346 29 1349 ,
91 1267 165 1329 lites
195 1269 339 1348 possent,
365 1267 400 1328 in
426 1267 707 1330 tabernaculorum
730 1265 861 1330 modum
880 1267 1008 1350 ornari,
1036 1266 1102 1332 alia

15 1351 73 1414 'ao
92 1353 234 1416 candidis
257 1353 351 1432 velis,
375 1353 440 1417 alia
462 1357 551 1427 veste
573 1355 722 1436 pretiosa.
768 1353 868 1418 Primi
888 1353 982 1419 ibant
1005 1355 1101 1419 amici

92 1444 125 1505 et
147 1440 262 1505 cohors
284 1441 374 1524 regia
396 1441 493 1505 variis
518 1441 668 1505 redimita
690 1441 823 1506 floribus
847 1443 1039 1527 coronisque
1059 1476 1098 1488 —

92 1528 172 1592 alibi
194 1523 362 1592 tibicinum
384 1534 506 1612 cantus,
529 1530 608 1593 alibi
625 1530 714 1613 lyrae
734 1551 832 1594 sonus
850 1530 1042 1595 audiebatur
1059 1566 1098 1578 —

91 1618 170 1680 item
198 1616 353 1680 vehiculis
381 1639 441 1700 pro
465 1618 558 1700 copia
580 1617 732 1700 cuiusque
760 1618 926 1682 adornatis
949 1617 1101 1684 comissa·

92 1704 219 1769 bundus
247 1705 416 1788 exercitus,
444 1707 556 1791 armis,
583 1727 663 1790 quae
690 1707 830 1771 maxime
858 1706 974 1771 decora
999 1712 1103 1790 erant,

92 1793 433 1876 circumpendentibus.
465 1794 577 1877 Ipsum
596 1794 811 1878 convivasque
830 1815 941 1859 currus
960 1794 1104 1860 vehebat

93 1883 225 1946 crateris
249 1883 355 1946 aureis
375 1881 578 1965 eiusdemque
597 1882 752 1946 materiae
770 1883 956 1968 ingentibus
974 1884 1103 1966 poculis

38 1979 72 2030 av
92 1971 287 2055 praegravis.
336 1969 407 2035 Hoc
438 1970 533 2035 modo
565 1992 623 2053 per
655 1970 721 2034 dies
753 1988 804 2035 vn
833 1971 1103 2038 bacchabundum

93 2080 210 2143 agmen
237 2059 380 2140 incessit,
409 2063 524 2141 parata
551 2057 685 2142 praeda,
713 2059 741 2122 si
766 2059 841 2143 quid
864 2059 959 2124 victis
983 2061 1100 2126 saltem
1195 2093 1199 2099 ·

93 2147 244 2210 adversus
285 2147 493 2210 comissantes
528 2145 628 2209 animi
662 2145 793 2211 fuisset:
834 2147 924 2211 mille
961 2149 1103 2235 hercule,

92 2233 154 2296 viri
177 2233 271 2296 modo
296 2237 329 2296 et
351 2234 464 2316 sobrii,
485 2251 537 2297 V11
559 2235 682 2297 dierum
701 2235 833 2316 crapula
851 2255 967 2319 graves
985 2237 1021 2300 in
1041 2259 1102 2302 suo

39 2335 73 2384 aa
92 2321 256 2403 triumpho
280 2342 393 2404 capere
414 2324 597 2404 potuerunt.
643 2320 705 2386 Sed
727 2322 871 2408 fortuna,
884 2352 886 2357 >
900 2345 981 2408 quae
1002 2325 1103 2391 rebus

91 2410 212 2474 famam
231 2410 432 2493 pretiumque
450 2410 631 2491 constituit,
649 2408 711 2474 hoc
730 2432 856 2495 quoque
874 2411 1013 2476 militiae
1029 2435 1103 2497 pro·

92 2499 186 2562 brum
208 2499 309 2563 vertit
329 2499 364 2562 in
385 2499 532 2583 gloriam.
567 2497 612 2561 Et
630 2519 781 2581 praesens
801 2501 889 2564 aetas
914 2505 946 2564 et
963 2503 1103 2584 posteri·

91 2590 143 2651 tas
163 2586 276 2651 deinde
294 2587 412 2651 mirata
430 2591 489 2670 est,
506 2607 564 2671 per
582 2589 695 2671 gentes
708 2587 850 2651 nondum
866 2588 944 2652 satis
958 2588 1102 2656 domitas

91 2675 261 2739 incessisse
288 2675 496 2756 temulentos,
523 2674 684 2755 barbaris,
714 2675 800 2758 quod
826 2676 993 2740 temeritas
1021 2682 1104 2764 erat,

41 2774 73 2822 29
92 2762 241 2825 fiduciam
270 2785 339 2827 esse
367 2762 579 2827 credentibus.
624 2761 719 2826 Hune
742 2768 934 2847 apparatum
957 2766 1103 2831 carnifex

93 2850 298 2933 sequebatur:
332 2850 447 2934 quippe
478 2854 624 2932 satrapes
654 2850 825 2935 Aspastes,
858 2852 896 2916 de
928 2874 991 2936 quo
1025 2858 1102 2920 ante

40 2938 213 3002 aedictum
245 2942 306 3022 est,
340 2939 480 3003 interfici
515 2939 621 3003 iussus
655 2942 717 3003 est:
755 2937 833 3004 adeo
865 2960 924 3005 nec
955 2941 1102 3008 luxuriae

93 3026 264 3110 quicquam
287 3026 461 3092 crudelitas
483 3049 542 3111 nec
565 3027 749 3092 crudelitati
771 3027 898 3093 luxuria
920 3028 1042 3096 obstat.
1090 3072 1095 3079 -

491 3311 702 3321 Μ
