2444 3908
292 156 546 212 HISTORIARUM
562 155 778 210 ALEXANDRI
794 154 846 224 IV,
865 162 907 211 13.
928 162 969 212 14.
1092 155 1135 219 69

130 305 252 386 parent,
274 300 360 365 haud
383 300 498 364 dubius
522 300 592 364 sine
613 321 698 364 noxa
719 301 969 383 transcursuros‚
992 299 1135 363 sinemo

132 411 166 454 se
189 392 376 472 opponeret:
407 388 457 451 sin
479 390 586 452 autem
609 388 677 452 sine
699 387 828 450 fremitu
846 387 1058 470 inmisissent,
1080 408 1134 450 eos

130 477 194 560 ipsi
217 479 355 541 clamore
377 478 535 539 terrerent
556 475 750 559 pavidosque
769 495 867 558 equos
885 476 957 539 telis
975 475 1135 557 utrimque

131 563 333 628 suffoderent.
365 562 426 638 Qui
436 563 592 627 cornibus
610 565 789 646 praeerant,
808 563 975 626 extendere
994 584 1032 626 ea
1046 562 1135 645 iussi,
1153 582 1187 630 34

130 652 177 715 ita
208 655 244 714 ut
274 672 334 715 neo
365 651 681 734 circumvenirentur,
717 651 744 714 si
776 650 876 713 artius
908 653 1043 732 starent,
1076 671 1135 714 nec

132 741 240 802 tamen
268 739 353 802 ultra
379 738 509 803 modum
536 739 636 803 aciem
663 738 870 802 exinanirent.
914 736 1136 819 inpedimenta
1154 756 1187 805 35

133 847 203 890 cum
227 826 373 910 captivis,
402 826 486 890 inter
509 848 589 908 quos
611 829 713 889 mater
734 825 889 909 liberique
911 823 1009 887 Darei
1032 827 1135 888 custo·

132 914 312 997 dictantur,
340 913 427 978 haud
456 915 567 996 procul
596 914 662 977 acie
688 914 723 976 in
751 913 836 977 edito
865 912 946 976 colle
969 911 1137 975 constituit

132 1002 255 1066 modico
283 1002 442 1085 praesidio
469 1001 590 1064 relicto.
634 999 774 1064 Laevum
801 1021 914 1082 cornu,
944 999 1026 1063 sicut
1048 998 1136 1082 alias,

132 1087 338 1153 Parmenioni
360 1087 513 1152 tuendum
538 1087 592 1151 dat
578 1090 663 1151 tzum
686 1088 811 1171 ipsein
834 1088 997 1151 demet
968 1086 1083 1150 stabat

218 1175 370 1241 Nondum
400 1175 441 1238 ed
469 1176 588 1240 iactum
616 1175 674 1239 teli
702 1178 924 1275 pervenerant,
953 1196 1025 1238 cum
1052 1172 1136 1237 Bion
1155 1193 1188 1241 36

132 1263 262 1347 quidam
283 1263 467 1348 transfuga,
490 1265 611 1347 quanto
634 1264 773 1326 maximo
796 1284 891 1326 cursu
914 1264 1072 1345 potuerat,
1096 1262 1135 1324 ad

131 1370 239 1434 regem
270 1352 415 1434 pervenit
446 1352 613 1434 nuntians,
645 1351 780 1414 murices
809 1349 964 1414 ferreos
955 1373 990 1412 m
1017 1352 1135 1434 terram

132 1439 169 1502 de
172 1438 289 1503 fodisse
306 1438 456 1522 Dareum,
479 1461 543 1524 qua
564 1439 689 1504 hostem
712 1437 832 1520 equites
855 1437 1046 1501 emissurum
1066 1458 1135 1500 esse

131 1526 279 1590 credebat
264 1529 521 1610 t,notatumque
544 1530 630 1591 certo
655 1527 747 1611 signo
770 1526 883 1607 locum,
905 1527 943 1588 ut
963 1523 1051 1588 fraus
1073 1525 1134 1588 evi-

121 1614 192 1677 tari
224 1636 244 1677 a
276 1615 342 1678 suis
373 1617 491 1697 posset
536 1613 709 1678 Adservari
735 1612 940 1696 transfuga
930 1633 1018 1676 1usso
1041 1612 1134 1676 duces
1154 1630 1183 1681 31

131 1704 300 1763 convocat:
333 1703 551 1783 expositoque,
582 1701 666 1784 quod
694 1700 878 1765 nuntiatum
906 1703 986 1782 erat,
1018 1702 1135 1782 monet,

131 1785 362 1869 utregionem
393 1790 605 1850 monstratam
637 1787 797 1890 declinent
826 1787 1027 1871 equitemque
1054 1787 1136 1869 peri-

131 1872 238 1937 culum
261 1872 423 1936 edoceant.

79 1959 121 2023 52
220 1958 368 2024 Ceterum
386 1960 569 2023 hortantem
587 1959 704 2022 exercit
705 1980 742 2021 us
761 1959 908 2023 exaudire
926 1980 993 2023 non
1010 1980 1051 2041 po
1053 1962 1137 2022 terat
1155 1981 1188 2030 38

131 2069 225 2111 usum
252 2047 377 2111 aurium
402 2045 624 2128 intercipiente
650 2045 779 2110 fremitu
806 2047 940 2110 duorum
963 2046 1136 2130 agminum.

132 2133 194 2199 Sed
219 2136 255 2200 ia
281 2138 453 2218 conspectu
480 2134 622 2197 omnium
650 2133 744 2199 duces
772 2137 805 2198 et
827 2135 1006 2218 proximum
1029 2155 1136 2219 quem-

131 2244 192 2307 que
214 2223 444 2305 interequitans
468 2221 706 2304 adloquebatur.

540 2378 617 2444 One.
640 2378 729 2443 XIV.

221 2482 385 2548 <Emensis
417 2486 468 2549 tot
493 2487 596 2547 terras
623 2484 657 2546 in
686 2505 775 2566 spem
800 2483 967 2566 victoriae,
1004 2485 1041 2547 de
1074 2505 1170 2567 quar

132 2571 347 2636 dimicandum
384 2571 481 2654 foret
520 2569 582 2633 hoc
622 2591 722 2633 unum
758 2592 921 2652 superesse
958 2571 1136 2637 discrimen.

133 2657 305 2723 Granicum
333 2658 385 2721 hic
413 2678 540 2721 amnem
570 2654 758 2741 Ciliciaeque
790 2662 916 2722 montes
949 2663 980 2722 et
1004 2657 1136 2761 Syriam

131 2745 259 2829 Aegypt
260 2765 378 2828 umque
413 2744 687 2826 praetereuntibus
723 2748 847 2828 raptas,
888 2747 1032 2831 ingentia
1068 2749 1136 2831 spei

133 2832 315 2916 gloriaeque
332 2830 548 2914 incitamenta,
566 2831 730 2897 referebat.
709 2832 981 2916 tReprehensos
1001 2857 1039 2898 ex
1057 2836 1136 2920 fuga
1154 2857 1169 2903 2

132 2919 247 2982 Persas
269 2921 478 3002 pugnaturos,
500 2920 574 3003 quia
596 2920 704 3004 fugere
728 2943 794 2985 non
808 2927 954 3020 possent.
933 2923 1136 2986 tTertium

132 3006 198 3068 iam
225 3006 308 3068 diem
334 3009 422 3070 metu
445 3027 618 3090 exangues,
648 3008 744 3071 armis
768 3009 833 3071 suis
856 3011 1036 3074 oneratos
1028 3033 1062 3072 m
1085 3034 1135 3074 eo-

133 3093 205 3157 dem
236 3093 371 3178 vertigio
403 3093 540 3158 haerere.
589 3093 721 3158 Nullum
751 3096 980 3179 desperationis
1009 3100 1135 3161 illorum

132 3181 235 3244 maius
261 3181 415 3245 indicium
443 3203 524 3263 esse,
557 3204 652 3264 quam
679 3184 763 3265 quod
790 3185 897 3267 urbes,
930 3186 1013 3285 quod
1042 3207 1135 3270 agros

133 3290 207 3332 suos
229 3273 371 3352 urerent,
394 3232 547 3353 quidquid
569 3291 635 3333 non
658 3272 880 3353 corrupissent
859 3272 987 3335 htost
964 3278 1044 3335 trum
1068 3295 1135 3336 esse

132 3355 277 3420 confessi
321 3355 463 3421 Nomina
489 3356 585 3420 modo
612 3379 696 3420 vana
723 3360 866 3441 gentium
889 3360 1073 3442 ignotarum
1094 3381 1169 3427 nea

133 3442 385 3508 extimescerent.
408 3465 511 3527 neque
531 3444 615 3507 enim
635 3445 674 3508 ad
692 3446 768 3508 belli
784 3447 953 3510 discrimen
969 3448 1135 3530 pertinere,

132 3529 187 3612 qui
209 3530 292 3592 ab''
271 3552 311 3594 ns
330 3528 466 3614 Scythae
489 3533 582 3616 quive
601 3529 730 3596 Cadusii
753 3534 1001 3616 appellarentur
1033 3533 1089 3594 (llo
1105 3535 1148 3592 'ih
1165 3530 1191 3633 ἦ
