2444 3908
295 134 548 190 HISTORIARUM
566 133 779 189 ALEXANDRI
798 135 832 204 X,
851 140 876 188 4.
1026 135 1089 198 269

80 280 154 344 dine
179 286 208 344 et
233 281 329 361 specie
354 280 497 361 insiqnes.
547 277 652 360 Supra
680 280 905 360 quinquaqinta
932 279 1021 343 initia
1048 280 1092 343 ibi

81 373 213 451 reputa,
240 388 309 432 curn
336 368 513 432 Alexander
535 387 567 431 eo
595 368 751 448 transiret,
778 387 800 430 a
822 367 979 431 comitibus
1007 368 1092 432 iliius

74 457 262 520 adnotatum
284 460 344 520 est:
372 457 446 520 obirn
469 454 560 537 triplo
577 455 685 535 piures
705 455 810 538 finisse,
832 457 885 519 sed
905 457 985 519 inur
1004 456 1089 520 betto·

81 564 152 606 runi
176 544 281 608 turbas
303 544 475 608 rnaairnarn
498 563 601 606 eorurn
622 548 744 624 partem
763 545 931 623 praedones
951 544 1090 625 abepisse.

82 631 136 694 Ad
158 633 286 712 triqiuta
308 633 371 696 dies
393 631 436 694 rbi
458 631 593 695 substitit
613 651 676 695 ren.
719 631 768 695 Eo
786 631 950 712 Atropates
968 633 1093 696 Mediae

79 723 211 800 satrapa
228 724 347 783 centrun
365 719 515 783 barbaras
531 719 674 784 mutieres
690 721 821 784 adducit
837 721 995 800 equitandi
1008 721 1092 800 peri-

83 811 131 870 tas
156 807 304 887 peltisque
329 811 358 870 et
383 807 537 871 securibus
561 812 716 872 armatas:
748 809 829 872 unde
849 809 976 888 quidone
999 809 1092 871 aedi-

81 894 193 957 derunt
218 894 413 958 Amanouuu
443 914 481 958 eu
508 900 596 978 pente
626 896 773 976 reliquias
801 895 905 974 fuisse.
947 894 1093 976 Septimis

80 983 188 1046 deinde
209 983 318 1047 castris
340 982 504 1047 Ecbatana
528 984 643 1065 attipit,
669 983 794 1048 Mediae
815 988 914 1064 caput.
959 983 1012 1047 Ibi
1032 984 1091 1048 soi-

83 1071 198 1134 teurnia
220 1072 281 1135 diis
301 1071 457 1152 sacrificia
477 1071 550 1148 fecit
571 1072 715 1152 budoqu
737 1073 832 1136 edidit
853 1076 883 1135 et
898 1073 934 1136 in
953 1072 1092 1135 conuiuia

80 1158 229 1239 festosque
263 1159 327 1223 dies
363 1159 482 1223 lanaud
516 1159 669 1237 anirnurn,
704 1164 740 1223 ut
769 1179 842 1224 raon
876 1160 912 1223 in
946 1179 1092 1223 nooorurn

81 1266 207 1326 operurn
242 1266 349 1311 ouran
383 1251 474 1328 atque
507 1248 681 1311 ministeria
718 1248 850 1312 ualidior
880 1248 1091 1312 intenderetur.

82 1332 145 1399 Sed
179 1335 240 1398 ista
274 1335 449 1417 uoluentem,
485 1336 566 1399 ucbut
600 1336 713 1399 iniecta
747 1356 857 1418 manu,
891 1336 994 1413 saturn
1029 1336 1092 1399 abio

83 1423 183 1486 traait
212 1423 365 1503 uitamque
395 1424 553 1488 carissimo
587 1424 757 1488 amicorum
784 1425 849 1488 eius
875 1444 969 1504 neque
997 1423 1092 1487 currito

76 1515 150 1592 post
179 1511 241 1592 ipsi
268 1530 384 1591 quoque
414 1511 478 1592 repi
509 1513 641 1575 entcrsit.
690 1511 807 1576 Pueros
838 1512 874 1575 in
904 1512 1004 1576 stadio
1031 1531 1092 1575 cer·

83 1603 181 1663 tantu
207 1598 370 1679 spectabat,
398 1617 466 1660 curn
492 1600 657 1662 nuntiatur
680 1600 803 1680 apiae
828 1598 1091 1681 Hephaestionem,

82 1687 137 1767 qni
167 1686 270 1749 inorbo
301 1704 338 1749 ea
370 1685 497 1765 crapula
533 1690 684 1750 contracto
720 1688 882 1768 septirnurn
916 1688 981 1749 iarn
1013 1688 1092 1750 dieue

82 1774 265 1855 aeqrotabat.
310 1772 487 1836 Exterritus
518 1774 611 1837 unrici
636 1774 775 1854 periculo
804 1774 910 1837 stetini
939 1775 1093 1855 consurpit

82 1866 111 1925 et
133 1863 175 1925 ad
193 1860 360 1941 bospitiuni
377 1860 464 1924 iilius
481 1860 613 1924 ceberita
631 1862 748 1942 perpit:
770 1881 865 1942 neque
883 1865 984 1924 πιπππ
1000 1863 1093 1942 prius

83 1969 117 2012 co
138 1950 288 2031 peruenit,
318 1968 412 2029 quarn
438 1948 528 2011 illurn
555 1968 636 2012 rnors
659 1952 836 2030 occupasset.
881 1948 925 2012 Id
945 1950 1009 2029 repi
1031 1969 1092 2012 orn

84 2037 181 2119 ninur,
199 2037 328 2118 quaein
346 2036 410 2100 nita
424 2036 603 2119 pertulerat,
622 2037 817 2101 aduersuurn
836 2036 1093 2101 tuobiosissirnnui

84 2125 225 2189 accidisse
248 2129 362 2191 certurn
386 2124 514 2188 babetur
540 2144 666 2205 eumque
691 2125 902 2206 rnapnitndine
923 2125 1036 2189 datoris
1058 2125 1093 2188 in

84 2214 230 2278 lacrinras
256 2219 285 2277 et
312 2214 446 2277 tannnta
474 2212 587 2277 nictum
613 2212 712 2276 inuita
738 2214 839 2277 anirni
860 2214 896 2277 de
919 2214 1022 2294 produ
1044 2214 1092 2277 de-

83 2302 153 2365 iecti
169 2307 350 2383 arqurnenta
367 2301 503 2366 edidisse.
539 2298 601 2366 Sed
617 2321 653 2365 ea
670 2302 791 2382 quiden
808 2303 893 2365 uarie
910 2303 1093 2365 traduntur:

83 2388 164 2453 titud
179 2390 259 2465 inter
277 2409 379 2453 ornnes
396 2394 524 2465 constat,
547 2395 583 2454 ut
599 2409 692 2470 quarn
710 2390 933 2454 decentissimas
951 2391 1094 2469 eaequias

84 2477 113 2540 ei
138 2477 268 2557 duceret,
297 2477 430 2540 notuisse
455 2477 625 2541 Ecbatanis
657 2477 789 2557 sepeliri,
821 2478 873 2540 sed
894 2476 1094 2558 Babpbonern,

84 2583 143 2645 quo
161 2564 225 2645 ipse
241 2582 434 2628 concessurus
451 2568 529 2645 erat,
548 2584 570 2627 a
587 2563 734 2628 Perdicca
751 2563 864 2642 deferri
881 2584 1015 2628 cenasse:
1038 2564 1094 2628 ibi·

84 2671 141 2733 que
165 2652 263 2729 sunus
289 2651 429 2715 inaudito
456 2648 584 2715 antdrac
608 2652 741 2733 aucupto
767 2652 924 2717 duodecim
947 2652 1094 2716 mnnturn

85 2740 209 2804 nudibus
236 2738 387 2803 beauuse.
431 2737 494 2802 Per
514 2740 693 2804 universum
714 2744 790 2804 certe
811 2740 975 2820 imperium
998 2741 1095 2824 tuperi

84 2847 154 2891 euru
180 2827 286 2891 iussit:
317 2831 347 2890 ct
366 2846 405 2890 ne
426 2827 575 2891 menania
596 2828 660 2892 eius
690 2828 726 2892 in
756 2828 888 2892 nerunt
913 2829 1094 2911 abduceret,

84 2914 246 2994 equitibus,
276 2913 346 2995 quis
370 2914 564 2997 praefuerat,
590 2916 712 2980 nubium
729 2916 881 2999 praefecit
899 2917 1017 3001 ducem,
1043 2918 1097 2981 sed

84 3000 323 3083 Hephaestionis
349 3002 434 3065 alain
460 3002 612 3085 appellari
637 3003 733 3069 votuit
753 3008 794 3087 et,
825 3024 903 3086 quae
928 3006 981 3071 un
1004 3005 1095 3087 siqua

84 3090 278 3168 instituisset,
305 3109 342 3154 ea
367 3110 430 3154 nou
456 3091 626 3156 immutari.
669 3090 831 3157 Funebria
857 3094 1027 3157 munina
1049 3092 1095 3157 bn·

84 3178 207 3263 dasque,
238 3178 343 3260 quates
372 3199 542 3260 numquoun
571 3180 645 3245 editi
671 3180 814 3264 fuissent,
845 3182 1009 3246 meditatus
1031 3180 1094 3241 trin

84 3268 240 3349 artificum
270 3266 361 3331 nitra
392 3267 500 3349 carpit:
531 3268 586 3350 qui
615 3286 679 3333 uon
708 3270 805 3335 multo
832 3272 903 3351 posi
932 3268 968 3333 iu
996 3267 1029 3347 ip

84 3356 219 3437 muniis
241 3360 368 3421 arasse
383 3355 537 3435 feruutur.
571 3354 638 3421 Nec
658 3356 753 3423 amici
769 3362 835 3423 mm
855 3354 953 3435 efferta
973 3356 1016 3419 ari

84 3444 127 3507 ad
152 3444 377 3509 comitiandarn
402 3444 469 3507 eires
489 3444 628 3525 patum
647 3444 778 3527 cuntur
797 3444 849 3509 usi
868 3442 995 3509 &tatia

78 3550 197 3616 perere,
218 3552 277 3614 per
300 3552 379 3614 qnae
399 3532 549 3597 numana
569 3530 705 3613 dmmad
726 3530 841 3597 clarior
861 3528 1002 3690 Ψ.-
