2408 3944
250 117 502 173 HISTORIARUM
520 119 733 175 ALEXANDRI
751 122 803 189 III,
825 129 866 178 12.
1022 123 1065 186 25

58 283 193 344 quorum
216 281 351 340 corpora
377 262 557 345 invenerat,
585 262 755 328 Persarum
782 287 907 348 quoque
934 267 1065 330 nobilis-

57 349 147 413 simis
180 349 315 412 eundem
344 346 500 413 honorem
529 350 641 415 haberi
667 352 756 415 iubet
781 354 940 437 matrique
967 353 1065 418 Darei

55 436 223 520 permittit,
246 457 326 520 quos
340 437 444 514 vellet,
466 438 571 520 patrio
585 460 672 503 more
687 441 843 521 sepeliret.
869 441 931 505 Illa
944 463 1064 524 paucos
1084 465 1119 514 14

56 528 127 588 arta
160 524 400 607 propinquitate
433 526 620 590 coniunctos
652 548 710 609 pro
741 525 854 591 habitu
885 530 1063 611 praesentis

55 612 205 676 fortunae
223 611 349 675 humari
362 612 464 696 iussit,
487 617 677 696 apparatum
692 614 848 696 funerum,
871 637 933 698 quo
948 615 1063 681 Persae

57 721 207 783 suprema
229 699 334 763 officia
352 700 559 785 celebrarent,
580 701 773 765 invidiosum
787 702 855 765 fore
870 704 1064 781 existimans,

57 808 130 850 cum
153 787 290 851 victores
312 786 399 851 haud
417 788 556 870 pretiose
575 793 800 852 cremarentur.
826 788 958 873 Iamque
972 791 1064 854 iustis
1084 813 1120 862 15

58 874 280 939 defunctorum
303 876 490 958 corporibus
513 877 627 940 solutis
650 877 828 958 praemittit
850 877 891 939 ad
913 878 1065 961 captivae,

57 962 112 1046 qui
134 963 330 1045 nuntiarent,
351 963 459 1045 ipsum
480 963 597 1046 venire,
618 964 818 1046 inhibitaque
841 965 1065 1028 comitantium

56 1051 151 1113 turba
168 1051 413 1114 tabernaculum
432 1071 504 1114 oum
517 1050 757 1134 Hephaestione
773 1051 882 1115 intrat.
918 1050 951 1115 Is
968 1053 1064 1136 longe
1085 1077 1122 1123 162

58 1138 201 1201 omnium
223 1138 398 1201 amicorum
421 1138 602 1202 carissimus
625 1143 694 1202 erat
715 1140 800 1223 regi,
824 1161 896 1202 oum
918 1139 990 1222 ipso
1008 1162 1065 1222 pa-

57 1225 135 1288 riter
166 1225 310 1307 eductus,
342 1229 536 1289 secretorum
567 1227 710 1290 omnium
740 1227 871 1290 arbiter:
906 1227 1065 1290 libertatis

58 1333 182 1395 quoque
213 1313 248 1376 in
277 1313 477 1377 admonendo
504 1335 541 1376 eo
568 1336 635 1378 non
663 1315 744 1377 alius
771 1316 870 1395 magis
894 1315 944 1378 ius
967 1315 1064 1377 habe-

57 1399 128 1481 bat,
151 1401 236 1483 quod
258 1404 367 1464 tamen
388 1401 436 1465 ita
457 1402 646 1484 usurpabat,
669 1405 706 1465 ut
727 1402 831 1485 magis
854 1424 874 1465 a
895 1423 971 1486 rege
993 1423 1064 1484 per-

57 1488 203 1571 missum,
233 1511 328 1572 quam
359 1489 556 1553 vindicatum
587 1490 628 1553 ab
656 1510 694 1552 eo
722 1489 892 1552 videretur:
923 1493 956 1552 εὴ
983 1489 1065 1553 sicut

57 1579 162 1639 aetate
188 1597 248 1657 par
276 1580 346 1640 erat
372 1577 454 1660 regi,
485 1577 532 1639 ita
558 1577 700 1658 corporis
727 1576 840 1640 habitu
869 1577 1064 1658 praestabat.

55 1662 144 1747 Ergo
173 1664 304 1747 reginae
330 1664 422 1727 illum
445 1685 514 1727 esse
536 1684 644 1748 regem
666 1666 756 1727 ratae
779 1686 836 1727 suo
859 1684 947 1727 more
970 1684 1121 1732 vene-17

56 1754 145 1813 ratae
169 1753 253 1813 sunt.
284 1749 365 1812 Inde
387 1773 426 1813 ex
449 1751 582 1832 captivis
605 1751 812 1833 spadonibus,
835 1751 905 1833 quis
926 1750 1063 1815 Alexan-

58 1836 114 1899 der
128 1840 221 1917 esset,
235 1837 490 1899 monstrantibus
503 1835 690 1919 Sisigambis
705 1838 855 1901 advoluta
869 1841 918 1901 est
931 1837 1064 1919 pedibus

58 1924 140 2005 eius,
171 1922 407 2006 ignorationem
436 1943 611 2003 numquam
643 1928 739 1986 antea
769 1924 830 1987 visi
861 1925 945 2006 regis
973 1945 1065 1986 exeu-

58 2033 143 2074 sans.
176 2010 282 2086 Quam
304 2031 403 2073 manu
426 2010 576 2073 adlevans
599 2032 663 2092 rex,
687 2009 774 2074 ‘Non
797 2009 931 2092 errasti',
952 2010 1065 2093 inquit,

10 2096 181 2178 32‘mater,
203 2120 280 2161 nam
304 2102 337 2161 et
358 2097 410 2162 hio
423 2097 605 2160 Alexander
628 2095 696 2160 est'.
731 2096 889 2180 Equidem
911 2097 1122 2168 haccon-13

56 2187 194 2250 tinentia
216 2185 317 2249 animi
339 2186 366 2248 si
390 2185 430 2249 ad
453 2185 601 2248 ultimum
621 2185 706 2250 vitae
723 2206 924 2269 perseverare
942 2184 1064 2268 potuis-

58 2278 119 2357 set,
149 2265 324 2338 feliciorem
351 2273 450 2337 foisse
477 2273 650 2355 crederem,
682 2296 778 2356 quam
804 2273 892 2337 visus
914 2276 964 2336 est
986 2293 1064 2354 esse,

59 2382 130 2424 cum
161 2360 269 2425 Liberi
299 2362 400 2445 patris
430 2361 610 2425 imitaretur
640 2361 854 2444 triumphum,
890 2381 990 2443 usque
1023 2360 1063 2422 ab

57 2448 268 2532 Hellesponto
292 2449 332 2512 ad
347 2449 509 2514 Oceanum
533 2469 643 2511 omnes
667 2452 779 2531 gentes
802 2448 937 2511 victoria
958 2467 1063 2509 emen-

58 2559 121 2601 sus.
157 2535 209 2602 Sic
232 2536 361 2600 vicisset
382 2536 527 2619 profecto
546 2536 729 2617 superbiam
747 2538 843 2616 atque
865 2535 956 2614 iram,
979 2534 1120 2602 mala1o

56 2625 189 2689 invicta:
213 2625 259 2688 sic
282 2624 491 2688 abstinuisset
505 2623 589 2685 inter
602 2623 712 2705 epulas
726 2621 875 2685 caedibus
890 2620 1064 2683 amicorum

57 2714 267 2797 egregiosque
285 2712 370 2776 bello
388 2711 475 2774 viros
492 2712 525 2772 et
541 2712 593 2773 tot
610 2709 756 2793 gentium
770 2729 879 2773 seeum
892 2707 1063 2772 domitores

56 2799 178 2864 indicta
200 2821 299 2863 eausa
319 2798 440 2862 veritus
463 2800 547 2860 esset
570 2795 721 2861 occidere.
757 2794 819 2860 Sed
838 2796 982 2859 nondum
999 2794 1063 2859 for·
1082 2817 1120 2864 ao

56 2889 137 2950 tuna
173 2908 207 2950 se
244 2887 351 2950 animo
388 2886 455 2948 eius
486 2883 723 2968 superfuderat:
767 2885 875 2967 itaque
908 2884 1063 2946 orientem

57 2976 126 3036 tam
153 2973 315 3038 moderate
343 2976 376 3035 et
397 2973 570 3055 prudenter
592 2973 678 3054 tulit,
707 2972 746 3035 ad
769 2972 918 3035 ultimum
940 2971 1063 3054 magni-

56 3061 203 3124 tudinem
230 3061 308 3124 eius.
323 3082 390 3124 non
418 3061 509 3143 cepit.
554 3059 644 3123 Tunc
671 3059 798 3142 quidem
824 3059 872 3122 ita
898 3080 931 3123 se
955 3058 1064 3142 gessit,
1082 3079 1116 3127 ar

57 3153 93 3212 ut
121 3169 232 3212 omnes
261 3151 336 3211 ante
358 3169 431 3211 eum
452 3168 543 3230 reges
567 3149 600 3210 et
622 3147 819 3211 continentia
841 3150 873 3209 et
895 3144 1064 3210 clementia

56 3236 267 3300 vincerentur.
312 3234 463 3319 Virgines
490 3234 618 3318 reginas
646 3234 828 3297 excellentis
850 3234 976 3311 formae
995 3235 1063 3294 tam

57 3327 166 3387 sancte
193 3324 322 3406 habuit,
354 3345 451 3405 quam
478 3323 506 3385 si
532 3322 644 3385 eodem
671 3342 734 3403 quo
761 3322 830 3403 ipse
852 3322 985 3402 parente
1009 3339 1061 3403 ge·

56 3411 144 3474 nitae
175 3410 296 3476 forent:
328 3411 497 3493 coniugem
525 3409 677 3491 eiusdem,
704 3430 800 3490 quam
831 3407 920 3470 nulla
947 3405 1062 3469 aetatis
1081 3427 1116 3474 22

57 3519 135 3561 suae
161 3498 396 3581 pulchritudine
424 3496 566 3578 corporis
593 3496 682 3579 vicit,
710 3495 788 3559 adeo
811 3494 882 3577 ipse
905 3514 982 3555 non
1000 3492 1073 3550 sio·
