2444 3908
242 111 495 166 HISTORIARUM
512 112 725 166 ALEXANDRI
743 112 782 180 V,
802 115 842 167 10.
863 118 904 167 11.
1025 112 1088 176 105

81 256 165 320 stino
184 277 272 319 more
291 253 482 319 conscendit.
516 253 722 320 Nabarzanes
739 256 897 340 ceterique
911 256 1086 338 parricidae
1107 276 1140 324 13

80 344 325 426 procumbentes
351 342 454 425 humi,
482 364 577 426 quem
599 345 696 425 paulo
719 346 794 425 post
815 344 850 407 in
872 344 1008 408 vinculis
1030 343 1087 407 ha·

81 431 180 495 bituri
200 434 301 512 erant,
324 431 502 495 sustinuere
520 431 675 512 venerari,
697 431 845 494 lacrimas
864 431 961 494 etiam
979 431 1087 514 paeni-

79 519 200 582 tentiae
235 518 355 582 indices
391 517 614 600 profuderunt:
656 518 735 582 adeo
767 517 916 582 humanis
948 519 1087 602 ingeniis

80 609 194 689 parata
226 606 387 670 simulatio
419 608 476 669 est.
524 605 638 669 Preces
670 604 783 669 deinde
815 606 1001 688 suppliciter
1033 606 1141 674 tad-14

81 697 188 758 motae
206 691 360 775 Dareum,
388 696 505 757 natura
527 693 704 776 simplicem
728 695 760 757 et
781 693 905 776 mitem,
931 714 999 757 non
1021 715 1086 758 ore-

82 781 155 845 dere
179 781 287 864 modo,
310 801 390 863 quae
413 780 639 864 adfirmabant,
671 782 727 845 sed
753 780 828 844 flere
856 781 953 844 etiam
976 784 1087 864 colige-

80 871 165 933 runt.
209 867 258 932 Ac
289 889 330 931 ne
356 870 426 931 tum
454 868 581 951 quidem
609 869 742 953 cogitati
768 868 895 933 sceleris
922 868 1088 952 paenituit,
1106 885 1142 935 15

82 979 153 1020 cum
180 957 381 1020 intuerentur
407 957 533 1038 qualem
560 959 593 1019 et
618 977 727 1040 regem
750 959 782 1021 et
804 956 908 1020 virum
929 955 1088 1020 fallerent

81 1043 139 1107 Ille
162 1043 299 1126 quidem,
322 1063 451 1106 securus
471 1043 613 1127 periculi,
636 1043 720 1126 quod
738 1045 891 1126 instabat,
913 1041 1089 1107 Alexandri

81 1152 209 1214 manus,
231 1152 310 1216 quas
333 1130 418 1195 solas
439 1130 588 1213 timebat,
611 1131 748 1215 effugere
770 1131 973 1216 properabat

504 1287 583 1354 Ore.
604 1288 660 1354 XL

35 1388 72 1452 30
168 1365 434 1476 Patronautem,
457 1391 651 1458 Graecorum
673 1393 750 1476 dux,
771 1392 927 1478 praecipit
950 1393 1029 1475 suis,
1051 1395 1088 1457 ut
1107 1411 1121 1460 ι

82 1500 183 1563 arma,
215 1502 295 1563 quae
326 1481 362 1544 in
394 1481 526 1545 sarcinis
556 1484 651 1545 antea
679 1481 877 1564 ferebantur,
908 1480 1087 1564 induerent,

81 1565 122 1629 ad
147 1589 240 1632 omne
261 1568 431 1651 imperium
454 1590 547 1632 suum
568 1568 674 1651 parati
696 1570 729 1632 et
750 1569 876 1632 intenti.
920 1567 993 1651 Ipse
1017 1586 1122 1635 cur-a

80 1676 153 1717 rum
181 1655 266 1739 regis
294 1655 486 1739 sequebatur
512 1655 673 1721 occasioni
698 1656 867 1718 imminens
895 1655 1089 1737 adloquendi

82 1762 169 1823 eum,
201 1742 317 1825 quippe
339 1741 433 1804 Bessi
459 1742 582 1806 facinus
609 1745 839 1824 praesenserat.
884 1739 946 1805 Sed
968 1741 1088 1806 Bessus

82 1827 115 1890 id
138 1827 243 1911 ipsum
266 1829 421 1907 metuens,
443 1831 550 1892 custos
571 1829 677 1893 verius
700 1850 796 1911 quam
819 1849 934 1911 comes,
957 1849 976 1891 a
995 1850 1088 1892 curru

82 1935 149 1978 non
170 1913 348 1978 recedebat.
384 1913 449 1977 Diu
471 1935 548 1998 ergo
571 1914 692 1978 Patron
715 1916 882 1978 cunctatus
905 1936 943 1978 ac
963 1915 1088 1997 saepius
1106 1933 1123 1982 8

83 2022 229 2066 sermone
251 2004 432 2086 revocatus,
456 2001 540 2065 inter
566 2002 660 2065 fidem
682 2001 892 2085 timoremque
915 2001 1088 2085 haesitans,

82 2108 190 2173 regem
225 2089 420 2154 intuebatur.
474 2088 535 2164 Qui
570 2093 607 2154 ut
636 2090 767 2154 tandem
799 2089 936 2154 advertit
971 2091 1122 2173 oculos,4

82 2176 234 2242 Bubacen
257 2177 432 2261 spadonem
458 2177 542 2241 inter
566 2177 729 2260 proximos
752 2200 880 2241 currum
902 2181 1089 2261 sequentem

82 2265 264 2348 percontari
282 2265 394 2350 iubet,
424 2266 578 2350 numquid
604 2266 668 2348 ipsi
693 2265 772 2329 velit
798 2265 910 2330 dicere.
958 2265 1089 2349 Patron,

84 2374 117 2417 se
140 2374 228 2436 vero,
258 2353 314 2417 sed
336 2355 467 2419 remotis
490 2353 618 2417 arbitris
645 2353 734 2436 loqui
759 2354 841 2417 velle
864 2374 937 2417 eum
959 2373 1010 2434 eo,
1041 2374 1089 2415 re-

82 2439 214 2524 spondit
238 2441 406 2526 iussusque
433 2442 564 2525 propius
587 2441 734 2504 accedere
758 2441 825 2503 sine
848 2439 1022 2521 interprete
1048 2475 1087 2484 -

82 2549 159 2591 nam
193 2527 281 2593 haud
316 2530 404 2593 rudis
436 2526 575 2592 Graecae
609 2528 740 2610 linguae
772 2525 895 2589 Dareus
932 2529 1014 2608 erat,
1046 2562 1088 2571 —
1121 2511 1154 2612 s

83 2614 188 2698 (Βεί,
218 2617 336 2700 inquit,
368 2615 422 2679 ‘ex
453 2632 475 2677 L
504 2614 632 2677 milibus
660 2613 855 2677 Graecorum
883 2632 1124 2696 supersumuss

81 2705 189 2787 pauci,
225 2705 330 2768 omnis
360 2702 509 2766 fortunae
540 2704 614 2765 tuae
646 2700 777 2765 comites
809 2703 842 2764 et
872 2700 907 2763 in
937 2698 999 2764 hoc
1031 2703 1087 2764 tuo

83 2793 171 2855 statu
193 2791 291 2873 idem,
313 2790 367 2873 qui
389 2789 521 2852 florente
544 2791 576 2851 te
597 2786 726 2871 fuimus,
748 2809 963 2871 quascumque
985 2791 1087 2851 terras

83 2878 230 2959 elegeris,
256 2899 315 2960 pro
343 2877 447 2957 patria
469 2879 502 2939 et
528 2875 710 2940 domesticis
732 2877 827 2940 rebus
849 2876 989 2959 petituri.
1035 2873 1124 2945 See

83 2963 204 3027 eundae
234 2962 447 3046 adversaeque
479 2984 529 3026 res
558 2965 633 3026 tuae
665 2963 852 3047 copulavere
884 2985 943 3028 nos
974 2966 1100 3039 tecum„

81 3049 144 3114 Per
170 3050 255 3114 hanc
281 3050 376 3114 fidem
403 3050 555 3114 invictam
582 3073 638 3115 oro
667 3053 700 3113 et
727 3051 882 3132 obtestor,
911 3051 946 3113 in
968 3051 1089 3115 nostris
1162 3070 1165 3077 ·

82 3138 197 3202 eastris
223 3137 283 3201 tibi
305 3138 546 3202 tabernaculum
570 3141 687 3217 statue,
719 3160 778 3202 nos
802 3138 944 3221 corporis
966 3138 1014 3201 tui
1037 3159 1123 3211 cuz.

82 3226 190 3290 stodes
213 3247 282 3290 esse
304 3226 445 3308 patiaris.
482 3224 654 3289 Omisimus
672 3225 847 3309 Graeciam,
870 3223 1122 3307 nullaBactras

83 3316 159 3376 sunt
188 3313 297 3377 nobis:
335 3335 406 3396 spes
439 3314 542 3378 omnis
569 3314 603 3376 in
630 3316 676 3396 te,
708 3314 831 3377 utinam
854 3313 952 3376 etiam
975 3311 1071 3376 cete'
1106 3316 1128 3401 Ἰ

83 3403 176 3463 esset.
213 3399 311 3465 Plura
333 3401 395 3465 dici
417 3423 483 3465 non
507 3401 631 3464 attinet.
668 3399 853 3464 Custodiam
876 3398 1019 3482 corporis
1040 3399 1145 3479 tupris?

83 3489 234 3551 externus
266 3491 298 3551 et
325 3489 506 3572 alienigena
531 3509 599 3551 non
627 3488 843 3571 deposcerem,
874 3487 902 3549 si
929 3484 1094 3561 crederem
