2444 3908
158 130 224 194 228
530 130 562 196 Q.
582 130 692 186 OURTI
709 129 796 184 RUFI

159 275 289 358 singula
310 274 626 340 circumvenirentur.
660 272 774 357 Itaque
792 291 856 338 vm
879 272 1010 339 milibus
1034 282 1172 340 suorum

109 375 140 423 18
159 363 286 426 amissis
318 362 353 426 in
385 362 539 445 oppidum
570 362 766 446 refugerunt.
816 360 953 427 Postero
986 362 1037 426 die
1070 364 1171 428 scalis

158 449 297 534 undique
326 450 464 514 admotis
488 451 572 514 muri
601 452 807 533 occupantur.
847 449 962 514 Paucis
990 451 1171 534 pernicitas

159 539 258 603 saluti
283 537 359 620 fuit,
388 539 443 621 qui
465 539 594 621 cognito
619 538 709 602 urbis
733 537 855 602 excidio
882 537 1033 619 paludem
1061 543 1171 604 trans·

157 647 274 690 nevere
292 631 321 691 et
336 627 371 689 in
388 626 495 691 vicina
514 625 634 709 oppida
655 627 820 710 ingentem
838 625 977 690 intulere
999 629 1171 710 terrorem,

158 714 315 779 invictum
339 714 514 779 exercitum
538 717 572 777 et
593 713 724 778 deorum
745 712 892 795 profecto
914 713 1083 780 advenises
1104 737 1171 779 me·

158 806 330 866 morantes.

108 902 140 951 19
247 889 430 954 Alexander
453 889 493 953 ad
515 889 706 954 vastandam
729 910 802 953 eam
824 889 990 974 regionem
1013 888 1202 958 Perdiccad

159 998 231 1043 enm
254 977 400 1060 expedita
431 999 529 1041 manu
556 978 655 1041 misso
683 980 809 1059 partem
837 977 1001 1058 copiarum
1028 977 1171 1042 Eumeni

158 1065 307 1149 tradidit,
339 1069 375 1130 ut
402 1065 430 1129 is
459 1086 584 1148 quoque
616 1064 771 1129 barbaros
800 1064 840 1129 ad
873 1064 1067 1129 deditionem
1096 1088 1170 1131 con·

159 1154 306 1236 pelleret:
341 1154 412 1236 ipse
444 1157 567 1216 ceteros
599 1152 640 1216 ad
671 1153 785 1216 urbem
820 1151 974 1231 validam,
1003 1153 1039 1217 in
1069 1174 1170 1236 quam

105 1253 140 1302 20
159 1240 296 1304 aliarum
319 1261 445 1323 quoque
468 1240 679 1322 confugerant
701 1240 838 1322 incolae,
864 1239 963 1305 duxit.
1006 1238 1170 1323 Oppidani

158 1328 281 1409 missis,
304 1328 359 1410 qui
381 1346 493 1410 regem
512 1328 771 1409 deprecarentur,
791 1327 892 1393 nihilo
911 1328 1019 1392 minus
1044 1329 1169 1395 bellum

158 1415 326 1498 parebant.
370 1414 496 1497 Quippe
519 1418 591 1479 orta
618 1415 732 1478 seditio
757 1416 791 1478 in
813 1416 940 1481 diversa
962 1415 1098 1481 consilia
1121 1417 1169 1481 di·

159 1503 294 1567 duxerat
312 1502 457 1586 vulgum:
481 1502 540 1566 alii
558 1501 666 1567 omnia
689 1503 848 1567 deditione
870 1504 1012 1586 potiora,
1035 1504 1167 1588 quidam

104 1602 138 1650 21
157 1590 280 1654 nullam
308 1611 401 1672 opem
429 1590 464 1653 in
490 1590 569 1673 ipsis
592 1612 661 1656 esse
689 1591 856 1655 ducebant.
897 1589 959 1656 Sed
982 1592 1058 1655 dum
1082 1593 1167 1656 nihil

157 1679 192 1742 in
232 1699 401 1742 commune
441 1679 631 1761 consulitur,
668 1679 722 1762 qui
763 1678 918 1743 deditioni
954 1679 1166 1761 inminebant,

105 1779 139 1827 22
159 1767 280 1848 apertis
303 1767 406 1849 portis
424 1765 553 1831 hostem
570 1767 738 1849 recipiunt.
769 1767 952 1830 Alexander
969 1788 1166 1851 quamquam

157 1854 235 1918 belli
267 1855 452 1920 auctoribus
478 1854 547 1918 inre
578 1858 706 1938 poterat
736 1855 846 1936 irasci,
878 1858 988 1918 tamen
1015 1856 1166 1920 omnibus

156 1943 252 2007 venia
275 1943 352 2007 data
374 1946 407 2006 et
430 1942 594 2006 obsidibus
618 1942 758 2024 acceptis
782 1942 822 2005 ad
847 1943 1028 2025 proximam
1052 1943 1166 2008 deinde

157 2031 270 2095 urbem
294 2033 400 2094 castra
422 2030 532 2094 movit.
569 2029 702 2093 Obsides
726 2029 925 2094 ducebantur
946 2034 1020 2094 ante
1040 2051 1166 2114 agmen.

158 2116 246 2192 Quos
259 2139 332 2180 oum
346 2139 385 2180 ex
398 2118 499 2181 muris
513 2117 751 2201 adgnouissent,
764 2122 877 2198 utpote
891 2118 999 2202 gentis
1014 2118 1165 2202 eiusdem,

103 2216 138 2264 23
156 2205 191 2268 in
222 2204 428 2289 conloquium
455 2208 719 2268 convocaverunt.
767 2202 822 2267 Illi
848 2205 1054 2270 clementiam
1077 2208 1164 2291 regis

157 2290 317 2374 simulque
339 2291 406 2354 vim
430 2292 710 2356 commemorando
733 2292 773 2355 ad
797 2292 991 2356 deditionem
1014 2314 1069 2359 eos
1094 2316 1166 2359 oon·

157 2380 280 2462 pulcre:
304 2382 491 2463 ceterasque
508 2379 604 2443 urbes
624 2379 723 2443 simili
741 2379 836 2445 modo
856 2380 1049 2448 domitasin
1067 2381 1184 2447 fidem-

103 2566 138 2615 24
158 2471 329 2621 acceplilinc
354 2556 390 2618 in
415 2575 549 2639 regnum
573 2553 718 2637 Sopithis
747 2559 936 2637 perventum
963 2560 1021 2622 est
1067 2555 1198 2642 Gens,5

155 2647 192 2707 ut
210 2644 340 2708 barbari
353 2643 499 2725 credunt,
518 2643 677 2725 sapientia
690 2644 826 2707 excellet
843 2644 1000 2727 bonisque
1018 2647 1162 2711 moribus

102 2740 136 2789 25
155 2731 288 2813 regitur.
324 2730 457 2795 Genitos
477 2731 596 2794 liberos
615 2749 679 2794 non
701 2735 871 2813 parentum
889 2732 1025 2797 arbitrio
1044 2734 1164 2799 tollunt

156 2819 324 2901 aiuntque,
348 2819 404 2883 sed
423 2839 546 2901 eorum,
570 2818 685 2900 quibus
705 2820 872 2900 spectandi
893 2819 1054 2884 infantum
1073 2821 1164 2887 habi·

154 2908 225 2969 tum
252 2927 328 2969 cura
354 2905 506 2970 mandata
533 2909 591 2970 est.
637 2902 672 2968 Si
699 2927 779 2989 quos
807 2908 952 2990 insignes
975 2913 1033 2973 aut
1055 2910 1164 2993 aliqua

154 2996 248 3076 parte
271 2993 490 3058 membrorum
512 2993 644 3057 inutiles
671 2997 879 3072 notaverunt,
906 2997 1014 3060 necari
1042 2997 1165 3063 iubent.

102 3091 136 3140 26
154 3080 285 3164 Nuptiis
318 3085 434 3146 coeunt
460 3103 527 3145 non
558 3101 674 3166 genere
706 3102 744 3145 ae
774 3083 946 3148 nobilitate
976 3085 1165 3170 coniunctis,

156 3168 211 3233 sed
230 3169 524 3253 electacorporum
548 3169 665 3252 speeie,
689 3170 764 3252 quia
783 3171 893 3235 eadem
917 3171 1107 3237 aestimatur
1129 3172 1165 3238 in

100 3267 136 3331 2⁷
155 3257 276 3324 liberis.
301 3257 406 3321 Huius
422 3257 526 3342 gentis
542 3257 703 3340 oppidum,
718 3259 768 3322 oui
779 3256 962 3323 Alexander
975 3259 1164 3337 admoverat

155 3346 278 3430 copias,
314 3346 355 3410 ab
382 3345 453 3428 ipso
482 3343 615 3446 Sopithe
644 3345 858 3447 obtinebatur.
904 3344 1041 3413 Clausae
1070 3352 1165 3416 erant

153 3438 281 3588 lttt’
297 3434 1039 3607 ttlitt..tulttt‘tbftthttt
1048 3442 1164 3591 tit
