2444 3908
144 165 207 230 196
513 164 544 229 Q.
563 162 674 219 cuam
690 162 777 218 RUFI

142 310 305 394 proditum
328 312 391 392 est,
417 308 572 393 quosdam
596 307 773 391 adplicatos
798 306 949 371 arborum
971 305 1094 370 truncis
1118 311 1154 371 et

142 419 209 462 non
232 397 335 462 solum
362 396 559 479 viventibuS,
589 396 766 460 sedetiam
793 396 877 459 inter
903 417 938 460 se
960 396 1153 479 conloquen-

142 486 232 550 tibus
251 485 372 549 similes
391 506 460 549 esse
479 488 668 566 conspectos
692 485 825 549 durante
845 482 948 548 adhuc
966 482 1094 565 habitu,
1117 483 1153 547 in

92 584 125 634 15
144 595 207 657 quo
230 594 317 637 mors
340 593 497 656 quemque
520 571 780 654 deprehenderat.
811 570 908 636 Forte
928 569 1061 635 Macedo
1081 591 1152 656 gre·

143 661 253 746 garius
272 661 366 726 miles
382 681 469 744 aegre
492 681 587 744 seque
607 663 640 725 et
658 681 749 724 arma
766 661 966 742 sustentans,
989 663 1100 723 tamen
1118 660 1154 724 in

143 753 251 815 castra
272 751 472 833 pervenerat:
500 770 562 832 quo
585 749 656 813 vieo
679 769 748 830 rex,
773 769 968 832 quamquam
990 747 1059 830 ipse
1081 750 1153 812 tum

143 839 283 902 maxime
314 837 445 902 admeto
477 837 552 921 igne
583 835 751 902 refovebat
780 838 882 919 artus,
915 857 954 901 ex
983 834 1065 899 sella
1094 857 1154 900 sua

144 925 277 990 exsiluit
294 928 540 1009 torpentemque
559 923 696 988 militem
716 926 749 987 et
762 923 816 988 vix
833 926 1015 1006 compotem
1032 923 1153 988 mentis

92 1014 282 1097 redemptis
310 1014 409 1078 armis
437 1013 472 1077 in
499 1034 557 1077 sua
579 1012 654 1076 sede
679 1011 776 1077 iussit
798 1011 970 1077 considere.
1012 1010 1074 1075 Ille
1097 1010 1153 1075 diu

143 1122 215 1184 nec,
251 1102 308 1165 ubi
344 1101 573 1184 requiesceret,
608 1121 680 1184 nec,
717 1121 737 1164 a
773 1120 835 1182 quo
872 1103 957 1163 esset
992 1102 1153 1183 exceptus,

92 1201 124 1249 17
145 1188 308 1271 adgnovit.
357 1187 499 1251 Tandem
530 1191 659 1270 recepto
686 1188 791 1252 calore
821 1187 928 1270 vitali,
960 1190 998 1252 ut
1028 1187 1153 1270 regiam

144 1276 252 1341 sedem
274 1295 446 1359 regemque
468 1275 562 1357 vidit,
585 1275 717 1339 territus
741 1275 853 1358 surgit
899 1273 1000 1351 Quem
1023 1274 1152 1339 intuens

144 1363 337 1446 Alexander,
365 1362 501 1446 ‘Ecquid
528 1362 706 1445 intellegis,
734 1361 847 1447 miles',
870 1363 988 1447 inquit,
1017 1360 1152 1447 ‘quanto

143 1451 277 1515 meliore
310 1455 396 1516 sorte
428 1473 525 1534 quam
556 1449 673 1515 Persae
700 1450 758 1515 sub
790 1471 867 1536 rege
898 1449 1039 1516 vivatis?
1079 1448 1152 1515 Illis

143 1539 229 1603 enim
253 1539 385 1603 insella
402 1539 488 1622 regis
506 1537 687 1603 consedisse
708 1540 827 1620 capital
849 1538 946 1622 foret,
969 1538 1031 1602 tibi
1054 1539 1153 1603 saluti

93 1638 125 1688 18
143 1626 226 1693 fuit'
269 1627 404 1692 Postero
428 1627 479 1690 die
503 1626 687 1691 convocatis
711 1626 822 1690 amicis
845 1626 1073 1712 copiarumque
1096 1626 1152 1691 du·

144 1716 234 1780 cibus
266 1715 470 1799 pronuntiari
496 1714 604 1796 iussit,
633 1715 739 1797 ipsum
768 1714 888 1797 omnia,
922 1736 1003 1797 quae
1032 1714 1153 1779 amissa

93 1815 124 1865 19
144 1807 266 1886 essent,
288 1803 495 1869 redditurum.
536 1801 581 1866 Et
602 1803 762 1885 promisso
783 1802 863 1867 fides
887 1802 1020 1866 exstitit
1065 1802 1152 1867 Nam

144 1889 344 1957 Sisimithres
380 1891 484 1956 multa
518 1890 663 1954 iumenta
699 1893 732 1955 et
768 1891 962 1955 camelorum
995 1908 1022 1954 11
1060 1891 1153 1954 milia

143 1980 277 2045 adduxit
298 2000 477 2063 pecoraque
495 1981 528 2042 et
546 1981 704 2043 armenta:
727 1999 810 2061 quae
833 1978 1008 2042 distributa
1030 1979 1153 2061 pariter

91 2079 125 2128 2ο
144 2069 229 2132 milit
215 2072 280 2131 tem
301 2070 335 2130 et
353 2067 521 2132 damnoet
506 2065 623 2130 tfame
641 2066 870 2131 liberaverunt
905 2065 988 2149 Rex,
1012 2085 1071 2149 gra
1071 2065 1152 2130 tiam

144 2155 206 2220 sibi
227 2154 365 2218 relatam
389 2177 408 2219 a
426 2152 608 2217 S1s1m1hre
630 2153 811 2236 praefatus,
833 2175 889 2218 sex
913 2116 1035 2219 dierbm
1058 2157 1153 2218 cocta

143 2242 266 2307 cibaria
301 2242 404 2348 ferre)
421 2241 541 2304 milites
577 2241 684 2324 iussit,
721 2239 818 2306 Sacas
855 2246 978 2325 petens.
1032 2240 1152 2306 Totam

143 2330 227 2394 hanc
257 2311 425 2412 regionem
456 2327 670 2411 depopulatus
702 2346 776 2393 xxx
808 2329 900 2393 milia
930 2351 1080 2414 pecorum
1113 2351 1153 2394 ex

143 2418 265 2501 praeda
288 2414 466 2482 Sisimithri
489 2417 572 2481 dono
596 2416 659 2481 dat.

60 2564 71 2571 ,
91 2518 124 2567 21
231 2505 309 2570 Inde
327 2504 502 2589 pervenit
492 2526 527 2568 1n
544 2504 723 2588 regionem,
742 2526 793 2570 cur
785 2504 983 2588 Oxyartes,
1002 2507 1151 2588 satrapes
1164 2503 1204 2568 16

142 2594 276 2678 nobilis,
298 2597 459 2677 praeerat,
487 2592 542 2676 qui
565 2613 599 2656 se
622 2591 707 2676 regis
734 2594 891 2676 potestati
917 2592 1054 2676 fideique
1082 2614 1154 2676 per-

143 2683 240 2745 misit.
275 2680 335 2744 Ille
354 2681 490 2765 imperio
510 2679 540 2744 ei
562 2679 686 2745 reddito
709 2679 794 2744 haud
818 2681 972 2766 amplius,
995 2702 1092 2763 quam
1115 2685 1153 2746 ut

91 2781 124 2830 22
144 2769 206 2832 duo
226 2769 386 2833 extribus
409 2768 485 2832 filiis
504 2789 612 2833 secum
632 2768 822 2851 militarent,
845 2769 961 2853 exegit.
998 2767 1152 2852 Satrapes

144 2856 242 2919 etiam
275 2877 361 2934 enm,
397 2857 452 2940 qui
482 2877 582 2939 penes
614 2856 720 2939 ipsum
752 2855 1005 2942 relinquebatur,
1043 2856 1154 2921 tradit.

143 2942 290 3007 Barbara
318 2943 484 3026 opulentia
512 2943 708 3027 convivium,
735 2965 798 3028 quo
826 2964 937 3028 regem
965 2943 1154 3028 accipiebat,

93 3045 124 3093 23
143 3032 348 3095 instruxerat.
390 3030 428 3095 Id
456 3053 527 3096 cum
551 3032 654 3096 multa
677 3033 828 3096 comitate
852 3032 1079 3115 celebraretur,
1104 3034 1153 3096 in·

142 3119 268 3183 troduei
290 3137 365 3183 xxx
387 3119 512 3184 nobiles
540 3119 682 3204 virgines
710 3119 813 3185 iussit.
857 3120 946 3185 Inter
974 3142 1054 3203 quas
1083 3124 1154 3184 erat

143 3207 212 3271 fflia
233 3206 351 3290 ipsius,
369 3205 502 3272 Roxane
524 3209 667 3293 nomine,
689 3207 806 3272 eximia
829 3208 972 3291 corporis
996 3208 1102 3290 speeie
1121 3211 1155 3272 et

91 3306 125 3356 24
144 3296 256 3360 (122222
270 3294 402 3360 habitus
420 3295 455 3359 in
472 3296 619 3360 barbaris
634 3317 717 3362 raro.
752 3294 840 3372 Quae
854 3317 1049 3380 quamquam
1066 3296 1154 3376 inter

144 3385 263 3448 electas
294 3387 509 3468 processerat,
541 3383 685 3448 omnium
716 3388 826 3449 tamen
856 3384 965 3448 oculos
994 3384 1155 3449 convertit

143 3472 178 3537 in
201 3494 249 3555 se,
272 3472 411 3537 maxime
433 3471 520 3555 regis
540 3472 648 3537 minus
670 3473 735 3537 iam
755 3470 984 3555 cupiditatibus
1004 3473 1071 3537 suis
1095 3473 1154 3537 im-

143 3561 286 3642 perantis
318 3562 403 3625 inter
435 3560 590 3646 obsequia
620 3559 780 3645 fortunae,
813 3563 926 3624 contra
957 3581 1054 3646 quam
1086 3581 1155 3626 non
