2444 3908
231 128 485 185 HISTORIARUM
501 128 717 184 ALEXANDRI
734 127 809 198 VIII,
823 135 853 184 9.
874 134 915 182 10.
1009 128 1072 190 211

69 275 183 356 Itaque
205 277 243 338 ut
264 274 424 356 principio
452 277 609 337 terrorem
634 273 792 335 incuteret
820 272 910 355 genti
932 270 1109 336 1111111111

72 384 161 425 arma
182 361 393 425 Macedonum
417 365 579 444 expertae,
603 359 774 443 praecipit,
795 380 836 423 ne
858 360 910 423 eui
931 381 1075 443 parcere

71 455 133 532 tur,
151 448 355 513 munimentis
374 450 476 533 urbis,
493 470 591 532 quam
610 447 788 530 obsidebat,
804 448 950 512 incensis.
986 446 1075 513 Oete·
1094 463 1110 509 6

70 560 155 618 rum,
180 536 257 601 dum
285 537 453 621 obequitat
479 537 661 619 moenibus,
693 535 814 620 sagitta
840 535 931 600 ictus.
981 534 1077 619 Cepit

70 630 180 689 tamen
194 625 347 708 oppidum
361 630 394 689 et
408 626 556 689 omnibus
575 625 689 689 incolis
708 624 776 687 eius
794 623 962 688 trucidatis
977 625 1076 688 etiam

71 714 106 777 in
128 717 214 778 tecta
237 714 396 778 saevitum
420 719 476 778 est.

17 803 62 868 35
159 801 236 865 Inde
258 802 380 867 domita
398 801 534 886 ignobili
558 804 654 886 gente
677 800 717 864 ad
735 799 859 882 Nysam
876 800 989 863 urbem
1008 821 1077 882 per·
1096 816 1110 862 1

73 891 170 954 venit.
209 888 307 955 Forte
331 890 446 955 castris
467 893 541 953 11111
560 891 631 972 ipsa
648 889 775 952 moenia
792 889 827 951 in
845 887 987 952 silvestri
1004 888 1076 952 loco

71 978 189 1061 positis
207 983 401 1043 nocturnum
422 978 527 1062 frigus
550 977 770 1041 vehementius
789 998 886 1060 quam
904 976 985 1039 alias
1003 976 1079 1039 hor-

71 1088 144 1131 rore
172 1087 307 1149 corpora
334 1065 453 1130 adfecit
479 1068 757 1149 opportunumque
788 1063 963 1128 remedium
991 1064 1077 1148 ignis
1180 1069 1183 1077 '

72 1155 218 1218 oblatum
250 1157 313 1218 est:
350 1154 452 1218 011111
490 1154 607 1236 quippe
644 1153 734 1217 silvis
766 1153 930 1217 flammam
962 1153 1114 1218 excita-8

71 1245 194 1306 verunt.
239 1241 328 1317 Quae
349 1241 447 1325 lignis
469 1241 550 1306 alita
572 1241 806 1323 oppidanorum
832 1241 980 1324 sepulcra
1005 1260 1079 1304 con·

72 1329 250 1412 prehendit.
299 1327 439 1396 Vetusta
470 1329 563 1394 cedro
594 1334 686 1393 erant
712 1329 799 1393 facta
826 1332 1078 1411 conceptumque

73 1418 184 1501 ignem
203 1418 268 1481 late
285 1417 406 1501 fudere,
425 1417 526 1481 donec
544 1417 653 1481 omnia
671 1417 741 1481 1010
760 1421 897 1500 aequata
916 1420 999 1481 sunt.
1034 1415 1081 1480 Et
1097 1434 1112 1481 a

73 1527 111 1569 ex
133 1505 213 1569 urbe
235 1505 375 1588 primum
398 1527 513 1569 canum
535 1506 687 1589 latratus,
714 1505 828 1570 deinde
856 1506 954 1569 etiam
977 1504 1080 1570 homi·

72 1614 150 1657 num
173 1593 319 1656 fremitus
342 1594 470 1657 auditus
499 1596 556 1657 111
605 1592 696 1657 Tunc
718 1595 750 1656 et
772 1593 925 1677 oppidani
952 1593 1079 1658 hostem

74 1685 107 1744 et
118 1679 309 1744 Macedones
328 1681 369 1744 ad
387 1681 500 1745 urbem
514 1680 603 1763 ipsos
620 1681 747 1744 venisse
762 1685 969 1764 cognoscunt.
996 1681 1079 1746 Iam·
1099 1702 1133 1750 10

75 1789 136 1851 que
167 1790 224 1831 rex
256 1768 410 1831 eduxerat
439 1769 549 1850 copias
583 1757 615 1831 e't
640 1768 767 1831 moenia
794 1767 976 1850 obsidebat,
1008 1790 1080 1833 cum

73 1855 227 1937 hostium,
246 1856 300 1938 qui
319 1855 492 1919 discrimen
508 1858 756 1937 temptaverant,
775 1855 884 1919 obruti
902 1855 977 1919 telis
997 1861 1081 1920 sunt.

74 1943 159 2007 Aliis
178 1962 255 2025 ergo
275 1943 478 2025 deditionem,
502 1943 575 2007 aliis
598 1962 741 2026 pugnam
763 1942 900 2024 experiri
922 1943 1081 2027 placebat,

74 2053 210 2114 quorum
233 2031 433 2095 dubitatione
457 2033 611 2113 conperta
633 2029 852 2094 circumsideri
873 2034 1001 2094 tantum
1025 2052 1080 2095 eos

74 2122 106 2182 et
120 2119 277 2183 abstineri
291 2118 560 2184 caedibus'iussit:
579 2118 772 2201 tandemque
791 2117 970 2182 obsidionis
985 2118 1080 2183 malis

72 2207 203 2292 fatigati
225 2207 372 2272 dedidere
395 2228 438 2272 11.
483 2205 514 2270 Α
536 2205 652 2270 Libero
670 2205 767 2270 Patre
793 2206 938 2271 conditos
957 2228 992 2271 se
1011 2229 1080 2272 1111
1100 2227 1132 2276 11

61 2295 224 2379 dicebant
240 2300 274 2360 et
296 2317 372 2360 vera
394 2295 476 2359 haec
494 2296 584 2378 origo
608 2298 686 2359 erat.
731 2293 802 2359 Sita
820 2298 870 2359 est
887 2294 947 2359 sub
966 2295 1081 2359 radici·
1100 2317 1132 2364 12

73 2383 134 2447 bus
165 2384 303 2466 montis,
340 2405 434 2468 quem
469 2382 583 2448 Meron
618 2383 743 2447 incolae
775 2383 949 2465 appellant.
1001 2381 1080 2447 Inde

74 2469 188 2535 Graeci
208 2471 383 2535 mentiendi
400 2475 527 2534 traxere
545 2470 725 2548 licentiam,
747 2469 834 2534 Iovis
852 2469 971 2532 femine
989 2469 1081 2533 Libe·

21 2561 145 2626 361111
172 2558 302 2622 Patrem
330 2580 399 2622 esse
427 2559 575 2622 celatum.
619 2557 688 2620 Rex
716 2557 781 2620 situ
804 2557 925 2620 montis
949 2558 1133 2640 cognitore

74 2668 113 2710 ex
135 2646 248 2711 incolis
272 2667 344 2710 cum
371 2649 442 2710 toto
467 2645 606 2709 exercitu
634 2645 819 2727 praemissis
847 2646 1080 2710 commeatibus

74 2735 227 2798 verticem
259 2735 327 2798 eius
361 2733 514 2797 ascendit.
562 2732 668 2796 Multa
694 2732 813 2796 hedera
840 2733 979 2815 vitisque
1009 2737 1079 2798 toto

74 2823 221 2905 gignitur
234 2826 354 2904 monte,
371 2821 493 2885 multae
509 2842 663 2902 perennes
678 2842 779 2903 aquae
793 2824 935 2884 manant.
966 2820 1079 2886 Pomo-
1101 2846 1132 2892 14

74 2930 146 2972 rum
171 2930 294 2992 quoque
326 2909 410 2973 varii
442 2907 650 2991 salubresque
683 2908 751 2972 suci
778 2914 853 2972 sunt
881 2931 939 2972 sua
966 2915 1080 2991 sponte

73 2996 282 3060 fortuitorum
315 2997 473 3061 seminum
505 2996 615 3078 fruges
643 2997 741 3059 humo
768 2998 938 3060 nutriente.
983 2997 1080 3061 Lauri

73 3084 280 3167 baccarisque
311 3085 474 3148 11111111
501 3085 602 3146 multa
629 3085 663 3146 in
690 3084 756 3146 illis
784 3086 917 3166 rupibus
942 3087 1079 3168 agrestis

74 3177 123 3236 est
151 3173 241 3236 silva.
286 3170 388 3239 Credo
416 3172 562 3255 equidem
590 3194 656 3234 11011
684 3173 792 3235 divino
822 3174 991 3254 instinctu,
1024 3174 1131 3242 11115

73 3260 206 3327 lascivia
235 3283 304 3326 esse
330 3266 512 3345 provectos,
540 3263 576 3322 ut
603 3261 723 3341 passim
747 3260 881 3323 hederae
906 3283 942 3324 ac
965 3261 1079 3322 vitium

73 3348 154 3413 folia
178 3351 383 3433 decerperent
405 3348 607 3430 redimitique
625 3348 737 3411 fronde
757 3352 826 3412 toto
846 3371 973 3412 nemore
993 3349 1078 3409 simi-

74 3436 121 3499 les
140 3437 371 3502 bacchantibus
391 3440 595 3520 vagarentur.
627 3436 768 3499 Vocibus
790 3459 865 3519 ergo
886 3440 936 3498 tot
955 3435 1079 3497 milium
1100 3461 1130 3509 16

71 3524 252 3607 praesidem
270 3526 410 3589 nemoris
430 3526 497 3588 eius
518 3525 612 3587 deum
636 3525 840 3587 adorantium
864 3526 940 3606 iuga
960 3523 1078 3586 montis

866 3626 917 3677 11*
