2444 3908
180 132 223 196 56
552 133 582 198 Q.
603 133 713 188 CURTI
730 133 817 188 RUFI

13 320 16 329 ·
180 277 421 361 sequendusque
458 281 542 340 esset
576 298 633 360 per
668 278 739 342 loca
771 277 859 341 omni
891 275 1065 340 solitudine
1100 281 1207 362 atque

4 362 16 415 -3
129 384 162 432 14
179 364 288 446 inopia
310 368 411 428 vasta.
455 363 559 448 Igitur
581 369 694 448 quarto
718 364 768 429 die
790 367 917 447 praeter
932 363 1129 429 Armeniam
1147 387 1205 449 pe-

4 442 7 495 ἷ
179 455 287 515 netrat
318 452 359 515 ad
389 451 510 536 Tigrin
560 451 644 517 Tota
675 453 764 536 regio
796 453 881 516 ultra
912 473 1041 515 amnem
1072 452 1205 519 recenti

12 594 17 611 ,
179 539 325 603 fumabat
342 540 501 604 incendio:
521 541 637 623 quippe
651 539 810 623 Mazaeus,
829 560 1047 623 quaecumque
1062 540 1204 626 adierat,

12 622 17 635 ’
128 645 161 694 15
179 626 265 691 haud
297 649 387 692 secus
417 649 513 712 quam
540 628 643 692 hostis
671 629 794 692 urebat.
839 625 887 691 Ac
913 626 1018 709 primo
1046 628 1204 713 caligine,

180 737 277 798 quam
307 716 414 780 fumus
446 715 614 792 effuderat,
647 716 838 779 obscurante
865 714 970 778 lucem
1000 714 1203 783 insidiarum

179 807 267 866 metu
295 804 452 867 substitit:
485 802 597 866 deinde
623 805 661 866 ut
687 803 902 886 speculatores
929 802 1101 884 praemissi
1127 807 1205 871 tuta

180 891 290 954 omnia
315 891 558 974 nuntiaverunt,
587 911 706 974 paucos
734 891 876 975 equitum
904 889 944 953 ad
966 892 1203 972 temptandum

178 978 296 1042 vadum
316 978 456 1043 fluminis
474 979 655 1061 praemisit:
679 978 768 1042 ouius
787 977 922 1041 altitudo
940 977 1045 1059 primo
1067 999 1203 1045 summa

180 1086 333 1149 equorum
355 1070 500 1149 pectora,
523 1088 611 1150 mox,
633 1067 727 1130 utin
749 1065 888 1129 medium
911 1065 1036 1128 alveum
1059 1070 1202 1133 ventum

7 1228 10 1237 ¹
128 1172 161 1222 le
181 1157 243 1235 est,
280 1153 417 1217 cervices
450 1174 575 1236 quoque
605 1154 771 1237 aequabat.
824 1151 893 1216 Nec
925 1174 1002 1216 sane
1035 1152 1124 1218 alius
1159 1155 1202 1221 ad

181 1238 320 1304 Orientis
356 1241 485 1324 plagam
500 1242 503 1247 ’
516 1244 584 1304 tam
615 1241 775 1305 violentus
806 1239 979 1323 invehitur,
1015 1241 1201 1308 multorum

158 1327 371 1391 'torrentium
396 1349 463 1391 non
490 1350 588 1412 aquas
617 1329 735 1413 solum,
767 1328 823 1392 sed
850 1328 948 1392 etiam
976 1348 1055 1391 saxa
1083 1350 1201 1395 secum

179 1414 320 1478 trahens.
361 1415 474 1499 Itaque
497 1438 516 1479 a
539 1417 709 1498 celeritate,
731 1438 796 1500 qua
818 1415 936 1498 defluit,
959 1414 1049 1499 'ligni
1072 1437 1200 1483 nomen

2 1554 20 1589 ἡ,
180 1505 230 1565 est
255 1502 407 1584 inditum,
439 1503 514 1586 quia
535 1502 663 1567 Persica
689 1503 803 1586 lingua
829 1503 929 1587 tigrin
957 1502 1119 1587 sagittam¹
1143 1527 1201 1590 ap·

2 1586 23 1677 t*
129 1589 311 1672 apellant.
355 1589 459 1672 Igitur
480 1590 577 1673 pedes
599 1592 687 1655 velut
709 1590 829 1653 divisus
852 1591 887 1654 in
909 1611 1028 1655 cornua
1056 1592 1198 1658 circum·

1 1666 20 1755 l,
181 1677 256 1740 dato
280 1677 437 1762 equitatu,
465 1678 579 1742 levatis
605 1699 699 1762 super
721 1678 829 1759 capita
851 1679 962 1762 armis,
984 1677 1074 1742 haud
1096 1700 1201 1766 aegre

1 1758 20 1835 l
129 1783 161 1832 18
181 1764 221 1828 ad
250 1765 357 1849 ipsum
384 1767 508 1830 alveum
534 1768 689 1848 penetrat.
734 1764 860 1828 Primus
882 1766 967 1829 inter
988 1764 1114 1848 pedites
1140 1776 1201 1834 rex

16 1852 24 1887 ²·
181 1873 327 1937 egressus
349 1854 385 1917 in
406 1854 510 1937 ripam
532 1854 647 1918 vadum
670 1853 827 1917 militibus
850 1875 957 1936 manu,
981 1855 1112 1936 quando
1134 1878 1202 1922 vox

180 1942 321 2006 exaudiri
352 1963 418 2006 non
444 1944 584 2025 poterat,
616 1942 763 2007 ostendit.
809 1939 871 2005 Sed
901 1940 1036 2025 gr'adum
1063 1941 1204 2010 firmare

17 2082 20 2087 .
180 2029 232 2093 vix
254 2033 419 2113 poterant,
451 2052 523 2093 cum
546 2028 640 2093 modo
664 2051 741 2092 saxa
762 2029 886 2093 lubrica
907 2028 1080 2112 vestigium
1102 2030 1202 2097 falle·

3 2132 23 2195 ;
129 2134 161 2182 19
180 2120 260 2199 rent,
282 2116 377 2180 modo
400 2117 541 2199 rapidior
562 2116 649 2179 unda
672 2116 870 2179 subduceret.
903 2115 1101 2199 Praecipuus
1124 2124 1205 2186 erat

3 2200 12 2219 ''
179 2202 272 2265 labor
303 2223 427 2284 eorum,
462 2204 517 2286 qui
547 2202 688 2266 humeris
721 2224 818 2266 onera
848 2204 1035 2286 portabant:
1072 2206 1205 2292 quippe

180 2311 253 2354 cum
281 2290 469 2372 semetipsos
495 2310 605 2373 regere
632 2311 699 2354 non
725 2294 871 2374 possent,
898 2292 933 2355 in
960 2290 1090 2374 rapidos
1119 2314 1201 2378 gur-

180 2376 262 2461 gites
298 2377 500 2442 incommodo
540 2392 648 2442 onere·
666 2378 904 2462 auferebantur,
941 2382 987 2462 et,
1022 2376 1102 2444 dum
1135 2403 1205 2449 sua

180 2465 313 2549 quisque
335 2466 439 2548 spolia
456 2467 609 2550 consequi
627 2466 741 2550 studet,
764 2466 866 2530 maior
882 2467 967 2530 inter
984 2467 1072 2548 ipsos
1094 2489 1201 2552 quarn

180 2575 252 2617 oum
288 2555 375 2618 amni
413 2557 484 2618 orta
515 2554 646 2619 luctatio
680 2557 744 2638 est,
780 2555 960 2637 cumulique
993 2553 1202 2625 sarcinarum

126 2658 162 2706 20
180 2642 301 2723 passim
323 2641 487 2705 fluitantes
510 2643 678 2726 plerosque
705 2643 914 2725 perculerant.
958 2640 1028 2704 Rex
1051 2663 1205 2732 monere,

179 2731 216 2790 ut
238 2729 316 2791 satis
339 2729 496 2792 haberent
518 2751 607 2792 arma
628 2729 773 2811 retinere,
799 2732 904 2794 cetera
926 2750 960 2792 se
982 2728 1206 2800 redditurum.

180 2813 241 2879 Sed
270 2836 373 2898 neque
403 2816 571 2880 consilium
600 2838 702 2899 neque
729 2817 897 2899 imperium
925 2815 1026 2899 accipi
1047 2820 1206 2900 poterat:

180 2903 387 2986 obstrepebat
407 2903 484 2967 hinc
506 2906 624 2986 metus,
651 2904 884 2986 praeter·hunc
906 2903 1043 2968 invicem
1064 2903 1201 2974 luctan-

126 3009 159 3056 21
179 2991 259 3053 tium
278 2993 408 3054 mutuus
428 2991 555 3054 clamor.
587 2990 730 3054 Tandem
748 3012 811 3074 qua
828 2992 948 3055 leniore
961 2994 1067 3055 tractu
1081 2996 1205 3063 amnis

179 3078 282 3160 aperit
303 3078 434 3161 vadum,
457 3100 625 3162 emersere,
647 3099 707 3142 nec
730 3078 899 3161 quicquam
921 3082 1048 3162 praeter
1070 3101 1206 3163 paucas

127 3184 159 3231 22
179 3165 321 3230 sarcinas
350 3165 565 3230 desideratum
592 3169 649 3230 est.
694 3164 802 3229 Deleri
829 3166 937 3248 potuit
964 3167 1140 3253 exercitus,
1168 3173 1203 3237 si

179 3253 250 3336 quis
279 3253 405 3317 vincere
433 3275 529 3318 ausus
557 3257 653 3336 esset,
687 3253 742 3318 sed
768 3258 923 3337 perpetua
948 3254 1081 3327 fortuna
1102 3260 1203 3344 regis

179 3342 295 3405 avertit
311 3341 385 3405 inde
404 3342 540 3406 hostem.
576 3339 629 3405 Sic
643 3340 816 3405 Granicum
835 3345 886 3405 tot
900 3342 1029 3406 milibus
1044 3344 1198 3425 equitum

177 3429 382 3514 peditumque
409 3429 444 3492 in
471 3428 622 3492 ulteriore
650 3430 809 3493 stantibus
835 3430 908 3512 ripa
935 3432 1115 3513 superavit,
1146 3435 1201 3501 sia

177 3519 324 3601 angustis
369 3517 404 3581 in
443 3514 573 3582 Ciliciae
618 3516 752 3582 callibus
788 3520 914 3581 tantam
949 3516 1200 3587 multitudinem
