2444 3908
133 108 198 172 104
504 110 534 172 Q.
555 108 665 170 CURTI
682 110 770 164 RUFI

567 320 646 388 One.
668 319 708 386 X.

95 447 110 495 1
217 425 264 491 At
293 425 412 491 Bessus
442 429 475 490 et
500 425 706 490 Nabarzanes
739 428 816 492 olim
847 429 1005 512 agitatum
1036 429 1148 494 scelus
1158 430 1202 497 28

131 514 243 598 exequi
266 517 413 578 statuunt
434 515 526 599 regni
549 515 721 597 cupiditate
745 516 882 579 accensi:
905 515 1011 580 Dareo
1027 512 1148 581 'autem

95 602 282 668 zincolumi
310 605 420 666 tantas
448 624 525 685 opes
558 624 684 684 sperare
711 625 779 667 non
807 606 964 684 poterant.
1015 602 1147 686 Quippe

129 689 165 752 in
187 690 251 752 illis
274 690 425 774 gentibus
440 710 554 773 regum
572 690 688 752 eximia
704 690 855 753 maiestas
874 693 936 754 est:
960 690 1001 753 ad
1019 712 1148 754 nomen

131 799 256 860 quoque
279 777 409 841 barbari
431 777 633 856 conveniunt,
659 779 691 839 et
713 777 868 860 pristinae
890 777 1053 840 veneratio
1077 777 1146 842 for·

94 883 111 930 3
130 867 228 928 tunae
247 865 390 948 sequitur
408 863 581 928 adversam.
613 863 754 927 Inflabat
771 865 886 948 impios
901 865 1026 928 animos
1040 865 1146 949 regi0,

130 953 181 1015 cui
207 955 390 1035 praeerant,
417 952 514 1015 armis
541 951 681 1035 virisque
708 956 741 1015 et
763 953 867 1034 spatio
890 953 1034 1016 locorum
1058 953 1145 1016 nulli

130 1061 241 1102 earum
268 1040 413 1123 gentium
437 1039 589 1103 secunda:
620 1041 750 1104 tertiam
772 1044 898 1123 partem
920 1039 1018 1102 Asiae
1040 1041 1145 1124 tenet,

130 1127 301 1190 multitudo
331 1126 492 1190 iuniorum
520 1127 689 1210 exercitus,
721 1149 801 1210 quos
832 1127 983 1190 amiserat
1004 1125 1144 1211 Dareus,

95 1215 298 1297 raequabat.
343 1213 457 1296 Itaque
484 1235 551 1276 non
577 1214 669 1277 illum
696 1215 805 1296 mode,
837 1214 892 1277 sed
920 1214 1016 1277 etiam
1043 1214 1144 1278 Alex·

131 1300 267 1363 andrum
290 1300 497 1382 spernebant,
528 1300 603 1363 inde
634 1302 718 1364 vires
747 1301 872 1383 imperii
899 1300 1080 1383 repetituri,
1112 1303 1145 1367 si

94 1387 221 1470 cregni
256 1387 297 1450 iis
333 1387 431 1469 potiri
463 1387 658 1471 contigisset.
709 1386 774 1451 Diu
806 1387 954 1451 omnibus
987 1388 1144 1472 cogitatis

129 1474 250 1556 placuit
270 1495 328 1557 per
350 1475 467 1537 milites
490 1473 680 1538 Bactrianos
703 1474 744 1538 ad
767 1475 1068 1558 omne'obsequium
1087 1477 1143 1548 de·

130 1562 265 1624 stinatos
298 1581 407 1644 regem
444 1562 700 1646 conprehendere
735 1563 882 1645 mittique
914 1563 1064 1627 nuntium
1099 1564 1142 1628 ad

94 1648 362 1732 aAlexandrum,
391 1649 446 1732 qui
477 1651 632 1714 indicaret
661 1650 769 1715 vivum
796 1650 958 1714 adservari
986 1672 1070 1714 eum:
1101 1651 1141 1734 si,

129 1734 162 1797 id
185 1737 270 1818 quod
292 1737 462 1820 timebant,
491 1738 703 1820 proditionem
726 1741 913 1820 aspernatus
937 1742 1034 1821 esset,
1058 1739 1142 1804 occi·

130 1824 196 1886 suri
223 1822 363 1889 Dareum
395 1830 428 1888 et
453 1824 571 1889 Bactra
602 1847 674 1889 cum
706 1848 835 1889 suarum
867 1826 1012 1910 gentium
1042 1848 1143 1892 manu

95 1911 269 1994 spetituri.
314 1910 464 1977 Ceterum
490 1914 658 1996 propalam
685 1914 901 1998 conprehendi
923 1913 1048 1977 Dareus
1071 1935 1143 1979 non

128 2002 258 2081 poterat
279 2002 329 2064 tot
345 1999 514 2064 Persarum
537 2002 665 2065 milibus
687 2001 800 2065 laturis
824 2022 918 2084 opem
936 2001 1017 2084 regi:
1041 1999 1142 2065 Grae·

94 2101 240 2151 acorum
273 2109 399 2170 quoque
430 2088 509 2152 fides
538 2089 719 2152 timebatur.
763 2087 875 2170 Itaque
902 2088 987 2169 quod
1014 2088 1045 2148 vi
1073 2109 1145 2154 non

129 2178 292 2256 poterant,
320 2173 432 2237 fraude
465 2175 597 2258 adsequi
627 2177 799 2257 temptant:
830 2173 1060 2255 paenitentiam
1092 2198 1144 2239 se·

129 2260 282 2324 cessionis
306 2260 456 2323 simulare
479 2260 684 2324 decreverant
707 2265 739 2323 et
756 2281 906 2323 excusare
925 2259 1010 2342 apud
1028 2280 1143 2343 regem

129 2347 422 2411 consternationem
449 2369 549 2412 suam.
593 2346 740 2431 Interim,
770 2348 825 2430 qui
848 2347 962 2411 Persas
986 2346 1143 2414 sollicita-

94 2451 110 2498 9
129 2436 209 2517 rent,
232 2434 411 2500 mittuntur.
447 2433 532 2498 Hinc
555 2457 619 2518 spe,
640 2434 716 2499 hinc
735 2438 823 2499 metu
841 2435 995 2499 militares
1014 2435 1143 2502 animos

128 2525 275 2587 versant:
306 2523 416 2586 ruinae
443 2545 551 2588 rerum
574 2523 707 2588 subdere
730 2524 803 2588 illos
826 2523 945 2607 capita,
976 2523 1010 2585 in
1032 2526 1142 2605 perni-

129 2611 209 2674 ciem
236 2611 336 2693 trahi,
369 2633 440 2675 cum
467 2610 585 2675 Bactra
611 2614 745 2694 pateant
771 2615 940 2695 exceptura
966 2632 1020 2674 eos
1043 2611 1142 2678 bonis

130 2700 162 2760 et
198 2699 377 2781 opulentia,
414 2700 528 2763 animis
565 2722 661 2783 quam
698 2700 864 2784 concipere
900 2720 968 2762 non
1003 2699 1140 2780 possint.

77 2800 110 2849 10
128 2783 218 2847 Haec
240 2786 440 2868 agitantibus
454 2787 632 2850 Artabazus
656 2788 840 2872 supervenit
863 2787 928 2851 sive
946 2787 1031 2870 regis
1048 2787 1141 2852 iussu
1149 2788 1196 2853 29

129 2872 194 2935 sive
229 2893 287 2935 sua
319 2876 433 2955 sponte
464 2873 651 2956 adfirmans,
687 2876 869 2958 mitigatum
899 2895 968 2938 esse
995 2872 1139 2939 Dareum

129 2961 161 3022 et
188 2959 323 3022 eundem
349 2960 414 3023 illis
443 2961 599 3025 amicitiae
622 2961 757 3044 gradum
778 2964 888 3044 patere
911 2961 996 3044 apud
1019 2980 1140 3044 regem.

77 3064 108 3112 11
128 3046 180 3110 Illi
215 3046 421 3110 lacrimantes
455 3068 541 3111 nunc
572 3068 710 3131 purgare
743 3069 789 3131 se,
824 3069 910 3111 nunc
941 3047 1139 3114 Artabazum

130 3155 229 3216 orare,
250 3138 288 3197 ut
310 3155 440 3198 causam
462 3135 605 3217 ipsorum
623 3138 765 3199 tueretur
782 3156 954 3219 precesque
972 3136 1139 3219 perferret.

77 3239 109 3288 12
130 3219 181 3285 Sic
203 3225 333 3304 peracta
355 3225 449 3286 nocte
473 3222 532 3285 sub
555 3223 635 3286 lucis
659 3226 803 3287 exortum
825 3222 942 3286 Bessus
964 3225 997 3285 et
1012 3220 1139 3286 Nabar·

128 3331 223 3372 zanes
251 3331 323 3373 cum
349 3308 529 3373 Bactrianis
556 3310 711 3372 militibus
738 3311 773 3373 in
799 3310 957 3374 vestibulo
985 3310 1139 3391 praetorii

136 3397 283 3481 aderant,
305 3397 435 3461 titulum
456 3397 619 3461 sollemnis
643 3397 741 3460 officii
763 3397 887 3461 occulto
912 3397 1024 3461 sceleri
1045 3418 1138 3480 prae·

128 3484 276 3550 ferentes.
321 3484 445 3549 Dareus
474 3484 567 3569 signo
594 3485 634 3548 ad
661 3484 800 3548 eundum
825 3483 900 3549 dato
923 3506 1051 3549 currum
1073 3485 1138 3566 pri-
