2444 3908
150 118 216 182 204
522 117 552 182 Q.
572 116 683 170 cuam
700 115 787 170 auri

151 263 280 365 quidem
298 264 402 326 morte
421 259 589 325 defunctus
609 264 673 324 ΒΒΒ.
696 259 790 324 duces
809 260 1007 324 exercituum
1028 264 1162 325 tuorum

150 352 184 415 in
204 351 347 414 eculeum
365 348 500 430 inpositi
517 346 636 430 Persis,
654 368 734 431 quos
753 347 907 432 vicerant,
925 348 1015 412 fuere
1035 351 1161 431 specta·

151 439 232 503 culo.
263 437 433 502 Parmenio
452 435 574 501 indicta
592 457 688 501 causa
705 435 846 500 trucidat
832 440 885 500 tus
904 439 953 499 est
956 486 966 519 ,
986 458 1044 518 per
1063 457 1162 518 quem

116 527 297 591 oAttalum
330 525 499 607 occideras.
547 515 687 588 Invicem
720 523 806 587 enirn
838 524 1029 590 miserorum
1058 525 1162 589 uteris

151 617 300 681 manibus
324 615 364 680 ad
388 614 566 699 expetenda
594 612 751 698 supplicia
779 617 824 697 et,
851 633 931 697 quos
958 614 1056 696 paulo
1084 617 1162 679 ante

152 705 317 770 ministros
340 703 445 769 caedis
467 701 625 786 habuisti,
653 702 761 766 subito
785 701 825 766 ab
849 701 923 765 aliis
946 701 1036 766 iubes
1060 703 1161 766 truci-

117 791 243 858 cdari?
297 791 498 875 Obstrepunt
533 789 667 855 subinde
703 790 809 855 cuncti
843 789 1032 873 Hermolao,
1068 794 1162 873 pater

152 903 337 964 supremum
360 881 535 945 strinxerat
556 878 690 962 ferrum,
714 899 923 962 percussurus
945 878 1032 942 haud
1055 878 1162 962 dubie,

151 970 187 1035 ni
210 969 367 1034 inhibitus
395 970 480 1033 esset
507 990 527 1041 Β
553 986 642 1050 rege:
670 967 789 1050 quippe
816 964 1028 1031 Hermolaum
1056 966 1163 1032 dicere

151 1058 248 1123 iussit
265 1057 434 1141 petiitque,
453 1055 790 1138 utcausassupplicii
808 1058 980 1138 augentem
997 1055 1162 1137 patienter

117 1146 309 1210 aaudirent
367 1144 474 1228 Aegre
509 1163 586 1244 ergo
624 1143 770 1208 coercitis
806 1165 916 1208 rursus
951 1142 1214 1212 Hermolaus225

153 1232 270 1308 Quam
288 1230 488 1309 liberaliter',
510 1231 587 1314 inqu
569 1229 651 1314 uit,
654 1231 760 1313 pueris
779 1230 912 1296 rudibus
932 1230 972 1295 ad
991 1231 1163 1296 dicendum

154 1340 249 1404 agere
276 1319 423 1402 permitti
382 1319 452 1383 ttisl
485 1320 520 1382 at
546 1316 755 1384 Callisthenis
787 1341 849 1383 vox
879 1340 1005 1384 carcere
1036 1318 1164 1386 inclusa

118 1412 219 1491 aest,
249 1408 324 1490 quia
358 1407 445 1471 solus
477 1409 586 1489 potest
617 1405 729 1471 dicere.
779 1403 845 1470 Our
876 1408 962 1472 enim
992 1429 1059 1472 non
1089 1428 1165 1510 pro-

154 1495 292 1578 ducitur,
322 1516 394 1559 cum
422 1494 521 1558 etiam
548 1493 689 1558 confessi
715 1494 911 1559 audiuntur?
941 1517 1056 1579 nempe
1085 1497 1164 1581 quia

152 1584 290 1648 liberam
312 1603 425 1647 vocem
447 1582 627 1646 innocentis
650 1581 759 1646 audire
778 1583 894 1648 metuis
918 1604 955 1648 ac
976 1606 1017 1648 ne
1036 1583 1107 1649 vult
1092 1587 1164 1649 tum

102 1682 135 1731 10
154 1671 282 1754 quidem
295 1671 426 1754 pateris.
453 1669 554 1754 Atqui
569 1669 652 1733 nihil
666 1691 740 1734 eum
757 1669 872 1735 fecisse
887 1674 961 1736 cont
946 1672 1052 1737 t.endo
1080 1670 1165 1738 Sunt

152 1759 205 1824 hic
210 1759 294 1843 ,qui
312 1780 438 1823 mecum
456 1780 525 1822 rem
542 1757 793 1841 pulcherrimam
811 1759 1047 1843 cogitaverunt:
1066 1782 1162 1826 nemo

154 1851 204 1913 est
208 1847 290 1930 ,qui
309 1848 472 1912 conscium
489 1846 590 1927 fuisse
608 1846 702 1926 nobis
722 1839 945 1924 Callisthenen
967 1847 1066 1932 dicat,
1039 1852 1164 1914 tcum

154 1936 255 2000 morti
273 1935 352 1999 olim
370 1920 557 2024 destinatus
569 1933 644 1998 sit
569 1948 661 2011 Β1Β
658 1933 848 2015 uotaumo
868 1938 900 1998 et
868 1898 1162 2036 epatientissimo

102 2033 133 2083 11
153 2044 241 2109 rege.
283 2022 374 2086 Haec
402 2043 477 2107 ergo
507 2009 592 2102 sunt
595 2003 836 2091 Macedonum
838 2023 996 2107 praemia,
1025 2046 1164 2107 quorum

154 2115 192 2175 ut
215 2131 411 2192 supervacuo
439 2113 472 2173 et
494 2108 634 2173 sordido
645 2108 788 2186 abuteris
814 2111 985 2193 sanguine!
1031 2111 1078 2177 At
1099 2114 1164 2178 tibi

154 2198 245 2261 milia
267 2198 428 2261 mulorum
451 2197 615 2279 captivum
638 2219 754 2262 aurum
781 2197 915 2280 vehunt,
888 2203 1014 2263 tcum
1042 2200 1164 2266 milites

154 2284 237 2349 nihil
259 2284 390 2348 domum
412 2287 541 2366 praeter
563 2284 722 2367 gratuitas
744 2284 907 2350 cicatrices
930 2288 1064 2352 relaturi
1087 2289 1165 2353 sint.

155 2372 243 2448 Quae
271 2375 380 2436 tamen
403 2371 512 2437 omnia
533 2371 673 2437 tolerare
699 2373 948 2526 potuimus,an
906 2379 1081 2458 antequam
1102 2397 1166 2443 nos

153 2461 302 2526 barbaris
335 2460 466 2526 dederes
498 2464 531 2524 et
557 2481 642 2525 novo
674 2481 762 2524 more
789 2461 928 2527 victores
959 2464 1059 2529 sub
1050 2485 1165 2550 rugum

102 2560 134 2608 12
153 2550 230 2614 mitt
215 2551 310 2614 teres.
356 2547 590 2614 Persarumte
557 2548 718 2613 tuestis
750 2551 784 2612 et
815 2549 986 2632 disciplina
1014 2551 1119 2618 delect
1104 2557 1167 2638 t,at

153 2637 278 2719 patrios
301 2655 406 2701 mores
431 2658 547 2701 exosus
570 2639 613 2700 e's.
657 2635 829 2714 Persarum
852 2659 943 2722 ergo,
970 2662 1036 2704 non
1058 2639 1166 2706 ΜΒΒΒ-

153 2724 274 2787 donum
292 2743 401 2823 regem
419 2723 562 2788 occidere
581 2722 741 2799 voluimus
760 2728 793 2788 et
810 2728 842 2788 te
862 2726 1066 2812 transfugam
1084 2729 1166 2794 belli

103 2822 136 2870 13
153 2810 222 2873 iure
245 2811 475 2912 persequimur.
520 2809 569 2874 ΤΒ
591 2794 784 2876 ΜΒΒΒΒΒΒΒΒ
812 2813 946 2878 voluisti
973 2835 1079 2899 genua
1101 2817 1167 2882 tibi

153 2918 272 2980 ponere
296 2899 502 2981 venerarique
524 2900 559 2962 te
579 2900 616 2961 ut
638 2881 747 2964 deum:
770 2903 807 2974 tu
825 2898 1013 2985 Philippum
1036 2906 1167 2986 patrem

155 2985 313 3049 aversaris
345 2989 391 3068 et,
422 2987 450 3050 si
477 2985 549 3069 quis
578 2985 710 3051 deorum
738 2990 813 3051 ante
780 2985 949 3054 teIovem
980 2989 1169 3076 haberetur,

103 3084 136 3133 14
154 3072 318 3137 fastidires
351 3035 448 3137 etiam
479 3072 599 3138 Iovem.
652 3073 798 3158 Miraris,
830 3074 859 3139 si
889 3077 985 3140 liberi
1016 3077 1167 3145 homines

155 3161 339 3243 superbiam
358 3165 448 3226 tuam
470 3161 555 3226 ferre
575 3182 641 3229 non
664 3162 857 3245 possumus?
895 3163 979 3240 Quid
997 3188 1167 3248 speramus

156 3271 194 3313 ex
216 3252 262 3331 te,
286 3249 402 3332 quibus
422 3251 505 3313 aut'
495 3253 605 3314 meent
591 3249 677 3315 tibus
696 3249 896 3314 moriendum
919 3255 970 3317 est
988 3257 1057 3337 aut,
1081 3256 1168 3338 quod

102 3348 136 3397 15
155 3299 281 3401 tristids
301 3340 405 3401 morte
424 3337 535 3422 estin
500 3337 675 3401 mservitu
638 3337 921 3403 ttevivendum?
959 3339 1008 3405 ΤΒ
1028 3342 1168 3429 quidem,

156 3425 184 3489 si
207 3424 370 3489 emendari
392 3427 499 3507 potes,
522 3423 660 3488 multum
683 3424 765 3488 mihi
788 3424 894 3490 debes.
934 3426 985 3491 Ex
1008 3451 1061 3493 me
1080 3432 1169 3497 enim

156 3513 238 3577 scire
258 3512 407 3596 coepisti,
429 3511 533 3595 quid'
524 3513 656 3595 ingenui
673 3512 819 3578 homines
837 3512 922 3578 ferre
940 3535 1007 3580 non
1028 3520 1168 3602 possint.
