2444 3908
129 118 194 180 264
500 115 532 181 o.
552 76 661 172 cusai
679 117 765 171 sun

77 273 110 321 20
129 263 237 344 plures
261 261 450 343 dimiserim,
472 282 567 344 quam
587 264 770 324 retenturus
790 283 870 325 sum.
908 259 1028 325 Subest
1046 261 1149 325 nimi·

130 372 202 413 rum
222 349 318 412 altius
338 349 472 430 malum,
496 349 580 431 quod
600 369 710 413 omnes
731 349 850 412 avertit
868 371 887 412 a
905 370 966 412 me.
1004 348 1147 424 Quando

129 438 214 500 enim
246 456 357 519 regem
389 438 556 500 universus
588 436 730 500 deseruit
757 437 936 501 exercitus?
974 435 1027 500 Ne
1055 436 1148 501 servi

129 525 258 608 quidem
286 546 349 589 uno
378 544 478 607 grege
505 524 695 608 profugiunt
724 524 882 608 dominos,
910 524 966 588 sed
995 527 1047 588 est
1077 525 1147 608 qui-

129 613 202 675 dam
235 614 269 676 in
300 613 366 676 illis
398 612 502 696 pudor
530 634 549 676 a
576 612 690 676 ceteris
724 612 896 676 destitutos
928 612 1146 694 relinquendi

76 710 108 758 21
129 699 249 764 Verum
283 722 342 785 ego
371 704 441 764 tam
471 700 614 764 furiosae
642 700 913 764 consternationis
941 700 1067 764 oblitus
1098 722 1145 765 re

128 788 235 852 media
256 788 492 853 insanabilibus
517 809 615 852 conor
639 787 799 851 adhibere.
845 787 981 852 Omnem
1008 787 1144 852 hercule

129 899 229 960 spem,
254 899 349 960 quam
373 897 412 940 ex
434 876 526 941 vobis
549 897 767 959 conceperam,
790 875 908 939 damno
930 896 990 940 nec
1011 878 1050 938 ut
1068 897 1144 940 cum

128 966 287 1029 militibus
303 964 383 1028 meis
401 1000 437 1010 —
455 965 522 1028 iam
541 964 627 1028 enim
646 985 714 1028 esse
733 963 862 1027 desistis
880 963 991 1027 —sed
1009 967 1049 1027 ut
1069 985 1144 1029 cum

75 1063 108 1111 22
128 1053 359 1135 ingratissimis
392 1053 499 1135 operis
532 1072 628 1135 agere
659 1050 793 1115 decrevi.
845 1047 997 1115 Secundis
1034 1052 1144 1136 rebus,

129 1162 210 1222 quae
234 1140 458 1204 circumfluunt
480 1161 548 1222 vos,
569 1140 710 1202 insanire
732 1138 895 1222 coepistis,
918 1138 1014 1202 obliti
1033 1142 1142 1204 status

129 1228 211 1308 eius,
237 1249 332 1310 quem
355 1227 509 1291 beneficio
534 1227 667 1290 exuistis
691 1248 776 1310 meo,
804 1227 894 1310 digni
916 1226 1061 1309 hercule,
1086 1227 1143 1311 qui

127 1314 162 1378 in
190 1314 301 1378 eodem
334 1315 585 1392 consenescatis,
617 1314 770 1398 quoniam
801 1314 930 1378 facilius
965 1317 1014 1378 est
1046 1315 1142 1379 vobis

77 1413 109 1462 23
129 1400 296 1465 adversam
325 1424 421 1484 quam
449 1401 622 1465 secundam
649 1422 760 1485 regere
783 1401 957 1466 fortunam.
993 1400 1047 1465 En
1067 1405 1141 1466 tan·

129 1490 215 1571 dem,
246 1488 433 1571 lllyriorum
465 1491 561 1570 paulo
592 1493 665 1553 ante
694 1493 727 1553 et
752 1489 926 1553 Persarum
953 1490 1142 1554 tributariis

128 1576 209 1640 Asia
236 1580 270 1640 et
296 1580 346 1640 tot
369 1577 516 1659 gentium
545 1578 650 1659 spolia
671 1576 803 1641 fastidio
827 1581 910 1642 sunt.
956 1575 1054 1641 Modo
1079 1579 1141 1642 sub

128 1664 279 1747 Philippo
300 1666 473 1729 seminudis
493 1665 631 1728 amicula
649 1686 687 1728 ex
705 1687 849 1747 purpura
865 1665 1006 1747 sordent,
1024 1686 1142 1730 aurum

128 1755 161 1816 et
180 1757 350 1835 argentum
370 1754 454 1817 oculi
472 1752 555 1816 ferre
573 1775 639 1817 non
656 1757 806 1835 possunt:
829 1753 939 1835 lignea
957 1752 1044 1816 enim
1060 1775 1144 1818 vasa

128 1839 311 1904 desiderant
339 1844 371 1904 et
399 1862 437 1904 ex
465 1842 607 1905 cratibus
631 1845 723 1905 scuta
745 1840 990 1924 rubiginemque
1013 1840 1143 1924 gladio-

77 1938 111 1987 24
129 1950 210 1995 rum.
246 1928 318 1993 Hoc
341 1929 429 1993 cultu
451 1929 591 1992 nitentes
610 1949 668 1992 vos
688 1929 797 2011 accepi
816 1930 849 1991 et
867 1947 891 1992 D
910 1929 1036 1992 talenta
1055 1930 1143 1994 aeris

129 2017 240 2097 alieni,
264 2038 336 2080 cum
359 2017 464 2080 omnis
487 2016 577 2099 regia
602 2016 747 2098 supellex
769 2015 854 2079 haud
878 2017 1018 2099 amplius
1041 2039 1144 2100 quam

128 2121 176 2168 ux
203 2105 400 2169 talentorum
437 2109 517 2168 essct.
566 2104 645 2168 Ecce
680 2125 825 2168 meorum
863 2125 995 2187 operum
1027 2103 1144 2170 funda·

128 2193 250 2254 mental
286 2191 402 2274 quibus
434 2195 544 2254 tamen
571 2225 608 2236 -
636 2191 723 2255 absit
754 2191 878 2255 invidia
903 2192 1143 2274 -imperium

77 2291 109 2339 23
129 2279 287 2342 maximae
311 2283 470 2342 terrarum
492 2277 595 2359 partis
619 2279 756 2360 inposui.
794 2278 934 2343 Asiaene
953 2283 1143 2361 pertaesum

130 2370 192 2450 est,
216 2387 296 2449 quae
318 2387 377 2431 vos
401 2365 506 2450 gloria
528 2387 636 2429 rerum
659 2371 825 2449 gestarum
849 2366 898 2430 dis
921 2388 1016 2450 pares
1038 2367 1143 2432 fecit?

128 2454 168 2518 In
194 2454 359 2537 Europam
387 2454 434 2518 ire
461 2454 641 2537 properatis
668 2474 744 2537 rege
768 2453 909 2537 desert0,
940 2476 1012 2519 cum
1040 2455 1144 2537 pluri·

128 2543 188 2606 bus
206 2546 348 2607 vestrum
369 2542 553 2606 defuturum
571 2541 725 2605 viaticum
742 2541 853 2623 fuerit,
870 2543 905 2605 ni
923 2563 977 2606 aes
996 2542 1143 2608 alienum

76 2632 275 2710 noluissem,
303 2651 419 2711 nempe
446 2630 480 2693 in
507 2628 653 2693 Asiatica
679 2629 807 2712 praeda.
851 2628 920 2694 Nec
945 2629 1044 2712 pudet
1066 2652 1143 2714 pro·

128 2719 226 2781 fundo
245 2721 355 2782 ventre
375 2718 572 2781 devictarum
591 2717 735 2800 gentium
755 2717 860 2799 spolia
878 2718 1143 2784 circumferentes

128 2806 247 2869 reverti
282 2805 365 2869 velle
402 2805 442 2868 ad
475 2805 594 2868 liberos
627 2806 855 2888 coniugesque,
890 2805 1007 2888 quibus
1043 2808 1144 2888 pauci

128 2892 273 2976 praemia
297 2892 452 2956 victoriae
479 2892 617 2974 potestis
641 2892 822 2956 ostendere:
849 2914 925 2956 nam
949 2897 1142 2977 ceterorum,

129 2982 204 3045 dum
236 2979 335 3044 etiam
366 2980 435 3062 spei
466 2983 592 3044 vestrae
620 2981 750 3044 obviam
777 2980 862 3063 13113,
895 3002 984 3044 arma
1011 3001 1142 3065 quoque

77 3082 109 3129 27
128 3068 258 3152 pignori
296 3070 379 3131 sunt.
428 3067 529 3131 Bonis
561 3090 637 3132 vero
674 3068 832 3132 militibus
865 3069 1025 3132 cariturus
1058 3090 1142 3152 sum,

128 3158 266 3241 pelicum
286 3177 417 3219 suarum
436 3156 635 3239 concubinis,
654 3157 770 3240 quibus
788 3155 850 3220 hoc
866 3157 970 3220 solum
985 3176 1024 3220 ex
1037 3156 1142 3221 tantis

130 3245 245 3328 opibus
265 3247 424 3327 superest,
442 3243 477 3306 in
496 3243 581 3325 quod
599 3244 793 3327 inpenditur.
828 3243 967 3308 Proinde
985 3243 1142 3327 fugienti·

128 3335 189 3398 bus
213 3354 264 3398 me
286 3335 421 3416 pateant
443 3330 576 3395 limites:
599 3331 749 3397 facessite
770 3331 846 3396 hinc
863 3332 962 3410 ocius,
985 3351 1046 3416 ego
1065 3354 1142 3396 eum

127 3421 235 3487 Persis
256 3420 442 3486 abeuntium
460 3423 552 3503 terga
570 3420 711 3484 tutabor.
742 3417 913 3484 Neminem
932 3422 1041 3484 teneo:
1059 3420 1143 3484 libe·

76 3514 198 3574 281313
229 3510 338 3575 oculos
366 3530 469 3592 meos,
499 3507 715 3593 ingratissimi
742 3507 837 3573 cives.
880 3506 975 3570 Laeti
1002 3527 1060 3571 vos
1088 3529 1142 3572 ex·
