2444 3908
249 187 506 243 HISTORIARUM
523 187 739 242 ALEXANDRI
758 187 810 257 III,
829 191 907 242 3—6.
1068 185 1088 250 9

77 330 145 394 eius
167 330 289 396 crebris
312 332 585 417 distinguentibus
603 332 695 396 rivis:
718 330 873 413 Pyramus
895 333 928 394 et
946 328 1088 414 Cydnus,

76 418 180 481 incliti
203 440 324 502 amnes,
345 419 458 484 fluunt,
490 419 619 503 Cydnus
637 440 704 483 non
723 420 828 501 spatio
847 440 1010 501 aquarum,
1034 417 1089 482 sed

76 505 200 588 liquore
224 509 455 591 memorabilis,
482 509 600 592 quippe
622 507 687 571 leni
709 509 814 570 tractu
837 527 854 569 e
877 506 1021 570 fontibus
1044 507 1088 569 la-

77 593 158 656 bens
181 615 261 675 puro
285 595 353 660 solo
377 596 532 679 excipitur
554 616 613 659 nec
636 597 795 658 torrentes
824 593 1004 676 incurrunt,
1034 593 1089 676 qui

78 679 202 762 placide
229 686 363 747 manant
363 683 392 747 is
416 685 541 748 alveum
564 683 703 747 turbent.
747 680 861 781 Itaque
884 681 1124 763 incorruptuse

78 766 225 852 idemque
252 768 493 854 frigidissimus,
522 772 638 856 quippe
661 770 763 833 multa
784 768 926 852 riparum
950 769 1114 832 amoeni·
1177 759 1194 774 ”

63 857 146 919 ,tate
168 857 383 936 inumbratus,
410 859 528 943 ubique
551 858 694 922 fontibus
717 857 784 921 suis
808 855 953 920 similis'
945 877 979 919 m
1002 876 1088 919 mare

78 943 192 1008 evadit
235 944 319 1010 Mult
305 949 340 1008 ta
366 946 402 1009 in
424 967 461 1010 ea
483 947 614 1030 regione
637 946 846 1009 monumenta
868 944 1000 1026 vulgata
1023 963 1143 1012 car-10

46 1110 48 1113 .
80 1031 220 1096 minibus
243 1035 386 1097 vetustas
409 1033 564 1098 exederat
603 1032 869 1097 Monstrabantur
891 1031 1018 1095 urbium
1042 1052 1088 1094 se-

81 1117 136 1182 des
162 1117 314 1203 Lyrnessi
341 1124 372 1184 et
395 1121 535 1204 Thebes,
564 1118 730 1203 Typhonis
759 1141 884 1203 quoque
915 1139 1029 1202 specus
1057 1121 1090 1180 et

80 1204 248 1288 Corycium
274 1229 400 1292 nemus,
431 1209 488 1273 ubi
511 1219 648 1273 crocum
661 1208 818 1293 gignitur,
847 1208 1027 1289 ceteraque,
1055 1205 1089 1268 in

81 1294 196 1376 quibus
219 1295 301 1360 nihil
323 1300 415 1379 praet
417 1319 451 1360 er
401 1295 592 1360 tfamam
616 1296 828 1359 duraverat.

30 1380 68 1444 11
168 1381 349 1448 Alexander
383 1384 537 1448 fauces'
528 1384 609 1469 rugi,
642 1404 731 1468 quae
753 1381 851 1465 Pylae
879 1381 1089 1465 appellantur,
1110 1400 1142 1448 11

80 1468 221 1535 intrarit
254 1469 339 1536 Cont
324 1473 498 1557 templatus
520 1473 664 1544 locorum
683 1471 781 1534 situm
803 1491 870 1534 non
889 1470 967 1533 alias
987 1469 1090 1570 magis

80 1555 196 1621 dicitur
219 1558 356 1624 admirat
342 1563 395 1624 tus
418 1581 487 1624 esse
509 1559 696 1623 felicitatem
715 1579 818 1621 suam:
842 1556 1005 1620 obruit
949 1578 989 1639 po
991 1557 1089 1620 tuisse

10 1644 249 1735 Qsaris
282 1646 495 1711 confitebatur
498 1648 567 1730 ,si
597 1647 734 1709 fuissent
766 1645 821 1728 qui
851 1644 887 1708 ic
917 1644 1090 1707 subeuntes

13 1727 305 1811 propellerent
356 1723 422 1796 Iter
457 1696 511 1797 viri
546 1737 719 1832 quaternos
755 1732 904 1815 capiebat
935 1735 1038 1795 armat
1040 1751 1090 1796 os:
1112 1744 1143 1794 12

49 1815 213 1878 dorsum
240 1816 359 1880 montis
391 1817 579 1880 imminebat
610 1819 680 1880 viae
710 1839 777 1881 uon
805 1820 922 1899 angust
923 1838 960 1879 ae
987 1818 1091 1917 mcdo,

61 1902 139 1974 ,sed
165 1903 351 1984 plerumque
377 1907 530 1986 praerupt
531 1925 581 1986 ae,
613 1904 732 1966 crebris
760 1902 983 1966 oberrantibus
1006 1904 1092 1985 rivis,

83 1990 138 2073 qui
160 2011 199 2053 ex
221 1989 381 2054 radicibus
404 1992 562 2054 montium
583 1994 726 2054 manant.
762 1989 1144 2062 Thracastamenle·1a

43 2120 65 2157 „e
82 2077 165 2142 viter
186 2080 327 2141 armatos
349 2077 536 2161 praecedere
554 2079 692 2142 iusserat
677 2077 908 2160 tscrutarique
923 2076 1028 2159 calles,
1035 2080 1092 2141 ¹ne

74 2165 227 2233 ¹occultus
249 2165 383 2229 hostis'
373 2188 409 2229 ιιι
432 2167 603 2231 subeuntes
622 2168 810 2250 erumperet.
846 2163 1092 2248 Sagittariorum
1152 2203 1156 2210 .

10 2280 21 2309 ι
84 2273 210 2335 quoque
232 2273 347 2318 manus
370 2255 610 2337 occupaverat
594 2274 727 2355 Mrugum.
757 2253 806 2317 int
791 2255 897 2317 tentos
921 2274 1013 2316 arcus
1036 2252 1091 2316 ha·

18 2336 57 2429 '·
84 2338 206 2402 bebant
236 2341 364 2423 moniti,
399 2362 467 2406 non
498 2343 600 2405 iter'
591 2363 677 2424 rpscs
709 2341 804 2422 inire,
840 2340 895 2404 sed
926 2339 1092 2422 proelium.

84 2424 155 2490 Hoc
177 2424 300 2492 modo
287 2439 413 2512 agmen
435 2429 581 2511 pervenit
604 2430 643 2491 ad
662 2428 774 2492 urbem
792 2389 927 2509 Tarson,
949 2427 1000 2490 cui
1022 2429 1092 2490 tum
1112 2446 1145 2496 ιι
1174 2429 1178 2435 ’

85 2514 222 2578 maxime
244 2513 360 2578 Persae
388 2515 620 2578 subiciebant
611 2535 733 2597 ignem,
764 2534 804 2576 ne
828 2513 1015 2595 opulentum
1038 2534 1092 2597 op·

84 2602 194 2685 pidum
220 2601 324 2667 hostis
351 2601 525 2665 invaderet
568 2601 615 2665 Aa
636 2601 690 2663 ille
712 2600 924 2664 Parmenione
948 2600 988 2664 ad
1010 2600 1091 2666 inhi-
1113 2622 1146 2672 ιι

84 2690 225 2754 bendum
265 2688 449 2752 incendium
485 2710 557 2752 cum
593 2687 740 2771 expedita
776 2708 873 2751 manu
907 2689 1094 2788 praemisso,

85 2779 258 2862 postquam
284 2776 438 2840 barbaros
465 2776 603 2841 adventu
581 2797 761 2840 suuorum
787 2774 918 2859 fugatos
945 2796 1015 2842 esse
1042 2781 1094 2866 c‘c·
1169 2846 1173 2851 ,

87 2865 212 2948 gncrit,
233 2864 345 2928 urbem
369 2885 389 2927 a
411 2885 445 2927 se
468 2868 689 2930 conservatam
711 2861 850 2926 intrata

519 3019 661 3087 CerffV
751 3004 754 3008 Δ

35 3091 76 3192 12
173 3092 313 3191 Mediam
332 3124 462 3210 Cydnus
485 3127 598 3203 amnis,
621 3125 666 3187 de'
682 3146 746 3209 quo
762 3126 861 3209 paulo
880 3096 959 3190 ante
997 3122 1005 3141 '
1065 3090 1085 3099 Η
1113 3080 1148 3129 'il

86 3218 149 3297 est,
176 3215 342 3279 interfluit
386 3214 432 3278 Et
456 3218 533 3276 tune
556 3216 660 3276 aestas
684 3215 765 3296 eret,
796 3213 886 3279 cuius
914 3210 1004 3278 calor

86 3302 193 3365 aliam
205 3303 309 3386 magis
331 3324 428 3385 quam
442 3299 570 3365 Ciliciae
593 3321 683 3364 oram
704 3321 824 3384 uapore
844 3301 921 3365 solis
941 3123 1148 3413 acm

86 3392 120 3453 et
145 3390 208 3454 diei
233 3389 481 3453 fervidissimum
507 3392 634 3469 tempus
662 3408 732 3452 esse
759 3390 916 3471 coeperat
959 3387 1148 3461 Pulvere&

87 3477 183 3539 simul
209 3497 247 3541 ec
276 3477 391 3541 sudore
418 3474 582 3559 perfusum
609 3494 719 3558 regem
740 3473 890 3539 inritavit
909 3474 1016 3555 liquor
1040 3470 1132 3601 llus-&g

85 3563 192 3647 minis,
214 3567 252 3628 ut
273 3563 411 3628 calidum
434 3562 537 3627 adhuc
558 3581 677 3650 corpus
693 3561 858 3627 salmes
880 3558 1088 3635 Χιιιιιιιιιι
