2444 3908
136 153 177 214 82
506 151 537 216 Q.
559 150 669 207 CURTI
686 152 773 207 RUFI

135 298 262 358 constet
284 292 484 377 Babylonios
507 317 617 360 muros
639 295 780 379 ingentis
804 297 909 379 operis
927 297 1022 362 huius
1041 297 1147 364 fontis

134 381 323 445 bitumine
313 386 362 445 nrt
348 383 473 446 terlitos
497 404 574 447 esse.

84 490 116 538 1⁷
225 467 374 535 Ceterum
395 469 565 554 Babylona
587 470 771 552 procedenti
788 469 971 535 Alexandro
984 471 1146 559 Mazaeus,
1162 477 1184 540 3

136 556 190 640 qui
222 579 260 621 ex
292 558 358 622 acie
390 558 425 621 in
454 579 525 622 eam
551 559 663 622 urbem
688 559 892 642 confugerat,
924 580 995 623 cum
1023 524 1146 626 adultisi

135 645 244 708 liberis
273 647 407 746 supplex
434 647 570 711 occurrit
596 646 708 709 urbem
731 667 827 728 seque
850 645 977 711 dedens
1022 645 1146 713 Gratus

136 732 290 797 adventus
319 734 387 797 eius
414 735 484 818 regi
505 733 582 815 fuit,
614 734 730 817 quippe
753 733 864 817 magni
886 735 992 817 operis
1016 736 1145 801 obsidio

85 840 117 889 18
135 821 244 884 futura
271 826 431 885 crottam
457 821 598 885 munitae
625 821 723 885 urbis.
767 820 820 885 Ad
845 821 907 884 hoc
933 822 984 885 vir
1005 823 1146 888 illustris

136 911 169 973 et
204 930 301 973 manu
333 912 500 992 promptus
531 909 679 991 famaque
712 909 809 972 etiam
840 909 985 992 proximo
1017 912 1145 993 proelio

137 997 268 1061 celebris
297 999 329 1060 et
356 1000 477 1060 ceteros
505 997 546 1061 ad
573 997 767 1060 deditionem
795 998 845 1061 sui
871 996 1061 1061 incitaturus
1090 1019 1145 1062 ex·

138 1085 241 1166 emplo
273 1083 450 1147 videbatur.
500 1082 605 1168 Igitur
635 1084 720 1148 hunc
750 1084 878 1168 quidem
905 1085 1041 1168 benigne
1068 1106 1146 1150 cum

85 1191 117 1237 19
136 1171 247 1233 liberis
275 1171 405 1253 excipit:
442 1174 582 1234 ceterum
610 1171 766 1254 quadrato
794 1173 934 1256 agmine,
964 1171 1050 1254 quod
1071 1172 1146 1254 ipse

137 1258 284 1341 ducebat,
321 1258 410 1321 velut
445 1258 479 1321 in
515 1259 616 1322 aciem
647 1260 745 1336 irent,
780 1258 906 1341 ingredi
937 1281 1012 1323 suos
1043 1260 1145 1325 iubet.

136 1344 258 1428 Magna
279 1367 355 1427 pars
377 1344 632 1428 Babyloniorum
655 1347 846 1411 constiterat
867 1347 901 1408 in
923 1347 1023 1410 muris
1047 1347 1146 1413 avida

137 1433 352 1516 cognoscendi
368 1455 487 1497 novum
506 1453 624 1517 regem,
642 1433 751 1534 plures
770 1433 899 1497 obviam
917 1434 1039 1518 egressi
1058 1439 1145 1500 sunt.

70 1539 118 1587 -20
136 1519 226 1583 Inter
244 1542 324 1604 quos
338 1518 409 1584 Bao
388 1522 562 1604 gophanes,
585 1521 667 1584 arcis
686 1525 792 1585 etr
734 1541 792 1604 reg
793 1521 842 1583 iae
855 1522 1011 1603 pecuniae
1025 1526 1145 1607 custos,

136 1628 177 1684 ne
210 1608 315 1672 studio
348 1630 368 1672 a
394 1607 527 1672 Mazaeo
559 1607 753 1691 vinceretur,
783 1612 890 1672 totum
921 1610 984 1674 iter
1009 1609 1145 1675 floribus

137 1695 325 1779 coronisque
362 1699 581 1761 constraverat
617 1659 776 1780 argenteis
814 1696 969 1760 altaribus
1005 1699 1144 1780 utroque

136 1783 237 1847 latere
265 1784 446 1867 dispositis,
472 1805 553 1867 quae
580 1804 647 1848 non
673 1787 744 1848 ture
772 1785 881 1878 modo,
912 1785 967 1848 sed
994 1785 1144 1849 omnibus

84 1893 117 1940 21
138 1872 289 1936 odoribus
312 1873 537 1936 cumulaverat.
577 1870 673 1935 Dona
695 1893 768 1936 eum
792 1853 1006 1957 sequebantur
1028 1892 1145 1956 greges

136 1981 287 2061 pecorum
315 1981 545 2044 equorumque,
576 1961 684 2024 leones
712 1980 837 2043 quoque
865 1963 897 2023 et
919 1960 1068 2041 pardales
1092 1980 1145 2023 ca-

58 2043 117 2137 111
137 2048 204 2112 veis
235 2047 505 2130 praeferebantur.
536 2011 631 2130 Magi
658 2047 771 2110 deinde
804 2067 862 2110 suo
894 2068 983 2109 more
1014 2067 1147 2111 carmen

137 2138 253 2198 canent
255 2157 302 2216 es,
337 2137 414 2215 post
447 2135 508 2197 hos
545 2131 697 2196 Chaldaei
727 2131 1043 2213 Babyloniorumque
1075 2153 1147 2198 non

136 2223 192 2285 vat
194 2242 227 2284 es
257 2220 369 2302 modo,
401 2219 457 2283 sed
484 2219 580 2283 etiam
608 2219 744 2283 artifices
771 2238 844 2281 cum
870 2217 988 2281 fidibus
1015 2217 1066 2280 sui
1089 2239 1146 2302 ge-

136 2307 222 2370 neris
249 2307 357 2370 ibant:
360 2271 499 2370 ’laudes
525 2306 561 2369 hi
586 2325 701 2389 regum
723 2326 836 2369 canere
858 2305 958 2388 soliti,
990 2302 1146 2374 Chaldaei

138 2395 275 2459 siderum
304 2397 373 2458 mot
374 2416 411 2458 us
444 2396 476 2457 et
507 2395 610 2457 111111
641 2393 726 2457 vices
754 2395 936 2475 temporum
965 2392 1147 2460 ostendere.

84 2505 117 2552 23
136 2483 271 2566 Equites
304 2482 415 2547 deinde
442 2480 617 2564 Babylonii
648 2502 705 2546 suo
738 2501 953 2564 equorumque
985 2481 1073 2545 cultu
1101 2483 1146 2548 ad

136 2571 297 2636 luxuriam
315 2571 429 2655 magis,
447 2591 544 2654 quam
563 2569 603 2634 ad
621 2568 894 2653 magnificentiam
911 2572 1022 2633 exacto
1036 2568 1146 2634 ultimi

136 2659 237 2723 ibant.
269 2658 339 2722 Rex
358 2661 462 2722 armat
463 2659 491 2722 is
510 2657 650 2741 stipatus
669 2657 903 2739 oppidanorum
920 2657 1050 2720 turbam
1068 2661 1146 2739 post

136 2746 268 2810 ultimos
296 2746 419 2829 pedites
445 2746 492 2808 ire
519 2745 627 2809 iussit:
656 2745 725 2827 ipse
753 2765 824 2808 cum
852 2766 946 2808 curru
969 2745 1081 2807 urbem
1104 2765 1145 2809 ac

138 2833 250 2897 deinde
269 2833 391 2916 regiam
408 2832 550 2896 intravit.
585 2832 720 2896 Postero
735 2832 785 2895 die
800 2832 1032 2914 supellectilem
1045 2829 1146 2896 Darei

85 2924 170 2990 1411
193 2942 321 2984 omnem
343 2920 513 3004 pecuniam
533 2919 728 3004 recognovit.
764 2917 914 2983 Oeterum
934 2919 1034 3003 ipsius
1053 2919 1144 2984 urbis
1163 2925 1187 2989 4

137 3007 341 3110 pulcliritudo
374 3029 411 3072 ac
441 3010 584 3072 vetustas
613 3028 679 3071 non
705 3007 791 3091 regis
818 3006 929 3090 modo,
961 3007 1017 3070 sed
1044 3007 1145 3072 etiam

138 3097 282 3161 omnium
319 3096 499 3160 oculosin
535 3097 636 3158 semet
670 3093 757 3158 haud
792 3057 942 3158 inmeriti)
976 3095 1145 3160 convertit.

138 3183 325 3249 Samiramis
349 3206 420 3248 earn
443 3182 635 3262 condiderat,
656 3202 732 3263 non,
753 3183 791 3244 ut
812 3181 955 3282 plerique
974 3182 1147 3267 credidere,

85 3293 119 3343 25
137 3272 248 3356 Belus,
271 3272 359 3336 cuius
382 3271 471 3355 regia
493 3273 545 3334 ost
531 3269 634 3334 tendit
620 3273 681 3333 tur.
716 3231 859 3333 ldurus'
849 3291 900 3332 ms
902 3272 1025 3333 tructus
1048 3270 1146 3334 later·

138 3361 209 3426 culo
233 3360 352 3443 coctili,
380 3358 536 3423 bitumine
558 3358 732 3440 interlitus,
755 3356 895 3439 spatium
917 3374 989 3421 xxx
1012 3360 1044 3420 et
1066 3357 1145 3423 duo·

138 3472 210 3514 rum
227 3448 374 3532 pedum
361 3468 396 3512 ue
412 3446 486 3511 latit
472 3445 615 3509 tudinem
629 3444 845 3528 amplectitur.
868 3443 1043 3528 quadrigae
1056 3445 1146 3510 inter

86 3559 173 3608 611
196 3539 398 3602 occurrentes
422 3535 490 3600 sine
511 3533 653 3617 periculo
677 3551 856 3598 commeare
873 3530 983 3595 dicunt
969 3534 1030 3595 tur.
1059 3531 1145 3610 Alti-
