2444 3908
306 127 561 183 HISTORIARUM
579 126 794 180 ALEXANDRI
812 127 849 196 V,
869 133 894 183 6.
915 132 939 181 t.
1084 124 1127 188 99

122 277 155 338 et
182 274 307 337 aemulo
329 272 421 355 regni
442 274 612 353 reparante
635 270 844 334 cummaxime
866 270 999 353 bellum,
1027 291 1129 352 nuper

122 360 275 443 subactis,
303 381 383 443 quos
405 359 536 442 vicerat,
561 379 741 440 novumque
764 358 931 441 imperium
955 379 1127 441 aspernan-

122 449 209 513 tibus
242 449 280 512 de
313 447 363 511 die
393 446 497 510 inibat
529 446 686 528 convivia,
723 445 838 529 quibus
865 445 1003 509 feminae
1030 446 1127 509 inter·

122 540 227 619 erant,
258 557 325 600 non
355 535 482 618 quidem
515 556 593 617 quas
623 532 735 597 violari
763 533 855 596 nefas
882 536 978 615 esset,
1011 534 1127 617 quippe

120 625 248 708 pelices,
270 623 418 686 licentius
441 643 536 705 quam
559 620 691 685 decebat
713 641 786 684 cum
809 623 931 684 armato
950 620 1056 684 vivere
1075 621 1128 684 ad-

122 715 241 776 suetae.
276 709 328 773 Ex
345 710 395 773 his
414 731 480 773 una
493 709 600 792 Thais,
618 711 650 772 et
665 708 737 790 ipsa
751 708 937 790 temulenta,
955 709 1128 771 maximam
1147 728 1162 774 3

123 799 208 882 apud
239 819 349 862 omnes
380 794 518 861 Graecos
549 797 704 860 initurum
735 795 873 880 gratiam
906 795 1064 878 adfirmat,
1101 795 1129 859 si

121 886 243 971 regiam
265 885 436 949 Persarum
457 885 605 949 iussisset
625 883 764 947 incendi:
791 885 956 965 expectare
978 881 1041 946 hoc
1064 904 1128 966 eos,

122 995 259 1057 quorum
276 974 371 1037 urbes
389 972 517 1036 barbari
536 970 702 1035 delessent.
737 970 837 1034 Ebrio
856 973 961 1034 scorto
980 970 1018 1032 de
1036 972 1129 1033 tanta
1147 990 1163 1037 4

123 1083 157 1125 re
179 1061 301 1125 ferente
324 1059 516 1124 sententiam
539 1080 622 1123 unus
644 1063 672 1122 et
694 1059 782 1142 alter,
805 1061 837 1121 et
858 1058 921 1142 ipsi
943 1079 1031 1121 mero
1055 1077 1127 1121 one·

123 1148 199 1231 rati,
232 1149 461 1211 adsentiuntur.
512 1145 582 1209 Rex
614 1168 738 1230 quoque
771 1145 893 1209 avidior
924 1144 1000 1227 fuit,
1032 1166 1128 1228 quam

123 1235 304 1318 patientior.
349 1233 446 1310 ‘Quin
472 1234 583 1318 igitur,
613 1235 729 1316 inquit,
758 1233 941 1297 ulciscimur
963 1231 1127 1296 Graeciam

124 1326 157 1386 et
187 1322 259 1386 urbi
289 1323 375 1386 faces
408 1320 607 1386 subdimus?'
652 1321 770 1385 Omnes
799 1321 998 1385 incaluerant
1025 1341 1127 1384 mero:
1147 1339 1164 1386 5⁴

123 1410 230 1494 itaque
259 1418 394 1494 surgunt
415 1409 583 1473 temulenti
604 1410 645 1473 ad
667 1408 900 1473 incendendam
922 1407 1045 1491 urbem,
1079 1408 1129 1471 cui

123 1497 239 1561 armati
267 1501 481 1581 pepercerant.
525 1497 652 1561 Primus
674 1518 730 1559 rex
752 1497 860 1580 ignem
881 1495 988 1579 regiae
1011 1495 1129 1578 iniecit,

122 1588 191 1648 tum
212 1586 364 1650 convivae
383 1588 416 1648 et
433 1585 573 1648 ministri
590 1584 777 1668 pelicesque.
812 1582 915 1647 Multa
932 1583 1025 1646 cedro
1045 1582 1128 1645 aedi·

87 1736 89 1741 ,
121 1674 218 1736 ficata
249 1676 320 1737 erat
349 1673 451 1756 regia,
485 1693 566 1755 quae
597 1671 741 1735 celeriter
771 1671 846 1753 igne
879 1673 1032 1752 concepto
1064 1671 1128 1733 late

122 1760 206 1822 fudit
227 1759 418 1822 incendium.
455 1757 547 1833 Quod
569 1758 625 1820 ubi
647 1757 811 1840 exercitus,
834 1757 889 1841 qui
910 1757 996 1821 haud
1019 1757 1129 1840 procul
1148 1779 1163 1826 6

123 1845 202 1909 urbe
233 1844 398 1925 tendebat,
435 1844 614 1926 conspexit,
645 1844 812 1907 fortuitum
842 1847 931 1906 ratus
965 1842 1004 1905 ad
1036 1864 1129 1926 opem

122 1930 288 1995 ferendam
311 1929 479 1995 concurrit
514 1929 576 1994 Sed
598 1932 635 1993 ut
657 1930 696 1993 ad
719 1929 911 1994 vestibulum
929 1930 1035 2014 regiae
1053 1951 1163 2000 ven-r

123 2022 193 2082 tum
216 2021 272 2101 est,
294 2017 404 2082 vident
425 2038 533 2102 regem
556 2018 662 2100 ipsum
684 2017 787 2081 adhuc
810 2020 1017 2101 aggerentem
1035 2016 1128 2080 faces.

124 2105 251 2169 Omissa
281 2106 393 2191 igitur,
424 2127 521 2190 quam
551 2107 773 2188 portaverant,
808 2127 892 2188 aqua
922 2105 992 2189 igni
1020 2107 1129 2188 aptam

70 2194 113 2259 23
123 2193 288 2257 materiem
308 2195 344 2257 in
360 2194 542 2258 incendium
560 2194 662 2257 iacere
680 2196 861 2276 coeperunt.
896 2191 992 2257 Hunc
1010 2193 1129 2256 exitum
1147 2214 1163 2263 s

123 2281 238 2345 habuit
267 2281 357 2365 regia
386 2282 487 2346 totius
516 2280 668 2366 Orientis,
698 2282 782 2346 unde
813 2283 864 2345 tot
893 2284 1006 2365 gentes
1034 2284 1129 2344 antea

124 2367 194 2431 iura
211 2369 372 2452 petebant,
394 2370 499 2453 patria
517 2373 705 2453 totfregum,
726 2369 840 2434 unicus
859 2369 1018 2453 quondam
1033 2368 1128 2431 Grae·

125 2456 190 2519 ciae
216 2457 331 2539 terror,
358 2457 470 2521 molita
492 2457 578 2520 mille
600 2457 730 2520 navium
753 2457 888 2520 classem
911 2459 944 2519 et
966 2456 1129 2537 exercitus,

124 2542 239 2626 quibus
259 2543 391 2626 Europa
411 2543 566 2607 inundata
588 2547 637 2606 est
659 2543 865 2607 contabulato
888 2542 969 2605 mari
991 2542 1128 2606 molibus

123 2629 336 2713 perfossisque
367 2630 545 2712 montibus,
575 2629 609 2692 in
637 2652 771 2713 quorum
798 2650 910 2711 specus
937 2631 1053 2693 fretum
1081 2631 1128 2693 in-

123 2717 257 2781 missum
284 2721 341 2781 est.
386 2715 434 2780 Ac
461 2737 502 2779 ne
528 2719 595 2779 tam
621 2717 719 2800 longa
746 2717 874 2799 quidem
901 2721 1018 2801 aetate,
1048 2740 1163 2802 quaes

124 2804 280 2867 excidium
308 2803 376 2867 cius
400 2806 509 2868 secuta
531 2807 588 2885 est,
619 2805 797 2868 resurrexit.
842 2804 933 2869 Alias
955 2806 1050 2869 urbes
1073 2807 1128 2870 ha-

124 2890 220 2953 buere
246 2889 457 2955 Macedonum
483 2912 588 2975 reges,
619 2893 724 2976 [quas]
749 2914 835 2957 nuno
857 2893 978 2957 habent
1000 2893 1127 2957 Parthi:

123 2977 217 3039 huius
249 2977 419 3061 vestigium
448 2999 514 3042 non
540 2979 748 3062 inveniretur,
780 2980 843 3043 nisi
870 2980 992 3044 Araxes
1025 2984 1128 3045 amnis

124 3063 314 3129 ostenderet.
345 3064 441 3129 Haud
453 3067 565 3148 procul
579 3068 745 3131 moenibus
760 3068 908 3132 fluxerat:
929 3069 1002 3132 inde
1016 3071 1127 3133 urbem

122 3151 221 3216 fuisse
244 3171 291 3215 xx
304 3153 415 3217 stadiis
438 3154 610 3218 distantem
634 3155 765 3218 credunt
784 3157 888 3239 magis
908 3177 1003 3238 quam
1024 3159 1128 3220 sciunt

124 3241 257 3304 accolae.
296 3240 442 3305 Pudebat
464 3241 653 3306 Macedones
676 3246 742 3305 tam
765 3245 959 3325 praeclaram
979 3246 1089 3308 urbem
1109 3267 1128 3308 a
1148 3265 1180 3314 ιο

124 3327 368 3393 comissabundo
391 3350 465 3413 rege
489 3331 625 3393 deletam
649 3352 725 3393 csse.
757 3330 869 3414 Itaque
888 3353 938 3394 res
957 3333 991 3394 in
1011 3333 1128 3395 serium

123 3433 215 3477 versa
237 3419 285 3480 est
307 3420 340 3480 et
360 3417 598 3501 imperaverunt
620 3419 689 3501 sibi,
712 3422 748 3482 ut
770 3419 935 3482 crederent
954 3419 1009 3482 illo
1028 3419 1127 3500 potis-

123 3501 240 3565 simum
274 3503 369 3568 modo
403 3506 502 3569 fuisse
535 3505 708 3569 delendam.
762 3505 885 3589 Ipsum,
922 3509 958 3568 ut
988 3507 1127 3588 primum
1146 3527 1182 3576 rr

935 3610 976 3657 *l*
