2444 3908
126 153 190 218 276
499 155 531 219 Q.
551 153 661 208 GURTI
678 153 766 207 RUFI

90 297 446 467 ⁵‹sshllhlllh.
464 293 1146 467 11816111131111311111161111ἓέ

91 485 107 533 o
127 476 196 538 erat
214 471 342 555 solitus,
358 471 515 535 traditum
533 471 574 535 ab
593 471 663 552 ipso
683 471 772 554 mihi,
791 470 888 534 reddo
908 471 1011 536 vobis.
1045 469 1145 537 Oete-

126 583 199 624 rum
218 581 412 644 quamquam
429 559 520 623 nulla
543 558 649 622 clades
675 558 763 639 huic,
786 579 850 641 qua
873 558 992 623 adfecti
1016 581 1144 645 sumus,

125 671 186 734 par
212 650 253 713 ab
280 648 374 712 iratis
402 647 450 710 dis
480 646 656 730 excogitari
678 649 800 728 potest,
835 649 946 710 tamen
974 648 1142 731 magnitu-

126 737 232 801 dinem
267 757 388 819 rerum,
425 757 505 818 quas
540 735 620 818 egit,
656 733 856 797 intuentihus
889 733 1018 798 credere
1052 735 1144 820 licet,

125 828 253 889 tantum
289 824 395 888 virum
431 822 507 887 deos
544 821 806 885 adcommodasse
842 821 939 885 rebus
975 821 1143 906 humanis,

127 934 262 997 quarum
286 915 372 976 sorte
391 911 540 992 conpleta
558 909 622 972 cito
642 912 826 992 repeterent
844 930 917 973 eum
936 930 1013 973 suae
1033 911 1143 994 stirpi.

93 1011 108 1059 v
126 1000 265 1064 Proinde
285 999 437 1082 quoniam
453 997 537 1060 nihil
554 996 643 1060 aliud
660 1018 751 1061 exeo
767 1000 922 1080 superest,
940 1018 1038 1080 quam
1053 999 1143 1081 qnod

129 1110 255 1172 semper
278 1088 319 1151 ab
339 1085 588 1150 immortalitate
607 1083 781 1165 seducitur,
805 1085 932 1168 corpori
950 1085 1143 1170 nominique

128 1197 225 1259 quam
256 1174 397 1256 primum
429 1173 515 1237 iusta
546 1172 722 1254 solvamus,
753 1171 841 1236 haud
870 1172 978 1254 obliti,
1009 1172 1047 1237 in
1077 1197 1143 1258 qua

129 1263 217 1345 urbe,
240 1263 324 1325 inter
343 1282 423 1345 quos
443 1261 552 1342 simus,
576 1259 665 1342 quali
682 1259 828 1343 praeside
847 1281 884 1324 ac
901 1279 976 1342 rege
994 1262 1142 1343 spoliati.

95 1359 110 1407 a
129 1349 346 1413 Tractandum
361 1352 419 1429 est,
434 1347 680 1429 commilitones,
694 1347 972 1431 cogitandumque,
987 1351 1026 1411 ut
1039 1349 1142 1415 victo·

129 1439 212 1501 riam
238 1439 368 1520 partam
386 1436 470 1499 inter
491 1435 566 1516 hos,
591 1433 764 1518 dequibus
787 1438 881 1518 parta
904 1439 967 1516 est,
990 1436 1142 1502 obtinere

128 1525 300 1609 possimus.
337 1521 450 1605 Capite
474 1544 553 1606 opus
577 1525 639 1586 est:
661 1523 776 1587 hocine
796 1543 859 1586 uno
879 1545 920 1587 an
931 1523 1088 1609 pluribus,
1107 1526 1141 1589 in

129 1617 236 1676 vestra
267 1614 429 1697 potestate
461 1614 520 1674 est.
564 1608 650 1674 Illud
677 1610 759 1673 seire
790 1610 929 1692 dehetis,
960 1611 1142 1676 militarem

129 1700 199 1764 sine
232 1699 311 1763 duce
341 1699 473 1763 turbam
504 1719 619 1781 corpus
651 1719 721 1761 esse
754 1697 823 1761 sine
849 1697 979 1781 spiritu.
1020 1695 1142 1764 Sextus

129 1789 250 1852 mensis
271 1791 334 1872 est,
357 1809 395 1851 ex
418 1807 480 1870 quo
503 1785 636 1850 Roxane
662 1805 843 1868 praegnans
867 1791 925 1850 est.
970 1784 1143 1872 Optamus,

94 1886 110 1934 9
129 1880 167 1940 ut
189 1898 311 1940 marem
334 1875 483 1940 enitatur.
522 1872 626 1936 Huius
649 1893 784 1957 regnum
808 1872 857 1936 dis
880 1872 1141 1957 adprobantibus

129 1964 283 2046 futurum,
306 1962 496 2046 quandoque
524 1960 707 2026 adoleverit.
741 1959 875 2025 Interim
895 1982 915 2024 a
933 1961 1049 2044 quibus
1067 1965 1143 2049 regi
1152 1965 1194 2028 20

78 2061 111 2109 10
131 2052 246 2135 velitis,
265 2048 446 2114 destinate?
478 2047 567 2113 Haec
581 2047 740 2112 Perdicca.
771 2047 853 2112 Tum
867 2047 1044 2132 Nearchus,
1062 2050 1141 2116 Ale-

129 2139 243 2203 xandri
270 2138 367 2203 modo
395 2136 584 2219 sanguinem
612 2157 650 2199 ac
677 2138 811 2218 stirpem
838 2137 947 2221 regiae
971 2138 1142 2204 maiestati

79 2237 110 2284 11
131 2225 314 2308 convenire,
348 2224 507 2287 neminem
541 2224 588 2287 ait
618 2243 714 2304 posse
745 2223 870 2287 mirari:
910 2228 1053 2289 ceterum
1087 2249 1142 2292 ex·

131 2312 255 2397 peetari
281 2311 422 2376 nondum
451 2313 558 2375 ortum
584 2329 695 2392 regem
723 2313 768 2393 et,
796 2311 850 2394 qui
874 2311 940 2375 iam
963 2311 1019 2394 sit,
1046 2335 1142 2395 prae·

127 2400 231 2482 teriri,
257 2419 317 2462 nec
340 2400 456 2461 animis
478 2399 690 2461 Macedonum
713 2399 884 2462 convenire
906 2418 966 2462 nec
988 2402 1140 2482 tempori.

126 2485 248 2550 Verum
285 2507 355 2550 esse
392 2507 408 2548 e
439 2484 577 2549 Barsine
607 2485 713 2549 filium
743 2485 844 2568 regis:
880 2485 956 2550 huic
988 2485 1141 2552 diadema

77 2581 108 2629 12
129 2569 278 2633 dandum.
327 2567 420 2633 Nulli
454 2567 604 2649 placebat
639 2567 752 2631 oratic.
804 2565 917 2650 Itaque
954 2590 1011 2632 suo
1046 2591 1139 2636 more

128 2657 232 2721 hastis
256 2659 347 2721 scuta
367 2655 548 2739 quatientes
567 2655 753 2738 obstrepere
770 2656 1032 2739 perseverabant,
1055 2658 1139 2722 iam·

128 2765 190 2827 que
217 2765 317 2827 prope
346 2743 386 2807 ad
413 2742 602 2806 seditionem
626 2747 839 2825 pervenerant
859 2740 1007 2808 Nearcho
1030 2747 1140 2827 pervi-

76 2845 108 2892 13
129 2832 235 2896 cacius
261 2834 372 2895 tuente
400 2830 603 2894 sententiam.
652 2829 735 2893 Tum
762 2829 979 2914 Ptolemaeus,
1010 2829 1140 2916 ‘Digna

128 2940 259 3002 prorsus
279 2923 329 2982 est
346 2916 502 2998 suboles,'
525 2916 639 3000 inquit,
658 2915 751 3000 ‘quae
769 2917 981 2983 Macedonum
999 2919 1140 3003 imperet

128 3008 232 3091 genti,
257 3005 408 3070 Roxanes
431 3005 482 3069 vel
506 3004 661 3069 Barsinae
684 3004 785 3088 filius,
808 3005 897 3070 cuius
920 3027 1037 3070 nornen
1061 3030 1140 3091 quo-

128 3115 189 3177 que
206 3093 372 3177 Europam
395 3093 499 3158 dicere
520 3093 659 3176 pigebit,
687 3092 808 3156 maiore
832 3115 870 3163 ex
891 3097 984 3177 parte
1008 3096 1140 3179 captivi.

77 3196 111 3243 14
128 3183 200 3265 Est,
222 3203 279 3246 cur
300 3180 416 3245 Persas
439 3181 619 3264 vicerimus,
639 3183 676 3244 ut
698 3180 792 3264 stirpi
815 3201 925 3244 eorum
949 3181 1141 3267 serviamus,

128 3271 211 3355 quod
231 3270 310 3335 iusti
328 3269 379 3333 illi
396 3288 490 3352 reges
508 3267 633 3332 Dareus
652 3271 685 3332 et
698 3266 819 3332 Xerxes
833 3271 885 3333 tot
898 3269 1021 3333 milium
1036 3271 1140 3354 agmi-

77 3360 221 3424 renibus
248 3358 413 3442 tantisque
440 3357 598 3421 classibus
620 3355 814 3439 nequiquam
834 3356 1027 3440 petiverunt.
1064 3358 1141 3424 Mea

128 3448 287 3512 sententia
308 3448 389 3511 haec
411 3449 474 3529 est,
496 3447 533 3508 ut
555 3443 630 3508 sede
652 3443 828 3508 Alexandri
851 3444 886 3508 in
907 3445 999 3528 regia
1019 3447 1141 3532 posita,

128 3536 183 3612 qui
215 3535 358 3600 consiliis
391 3534 458 3598 eius
492 3532 740 3616 adhibebantur,
771 3534 898 3615 coeant,
929 3533 1081 3616 quotiens
1104 3536 1141 3600 in
