2444 3908
154 141 219 206 258
527 144 558 208 Q.
579 144 688 198 CURTI
706 145 792 199 RUFI

153 308 332 370 numquam
356 286 441 350 enim
464 288 545 352 talia
563 309 711 371 ausuros,
737 289 791 372 qui
810 290 916 371 ipsum
937 311 975 354 ex
997 289 1094 356 India
1121 314 1173 358 so·

155 375 273 457 spitem
300 378 357 439 aut
390 377 558 457 optassent
590 376 709 440 reverti
739 381 796 441 aut
823 378 1033 442 credidissent
1060 401 1171 446 rever-

119 472 135 521 8
156 484 274 527 surum.
309 461 417 545 Igitur
438 463 498 526 hos
521 464 650 547 quidem
673 464 789 546 vinxit,
814 481 861 528 Dc
885 469 992 529 autem
1015 467 1172 552 militum,

154 551 209 633 qui
231 551 387 615 saevitiae
416 572 525 615 eorum
553 552 696 617 ministri
722 553 864 634 fuerant,
895 553 1035 619 interfici
1062 556 1171 622 iussit

120 638 278 703 andem
309 639 360 702 die
392 645 556 722 sumptum
589 644 638 703 est
671 640 864 722 supplicium
893 641 931 704 de
958 642 999 705 iis
1030 665 1172 729 quoque,

154 748 236 811 quos
256 731 403 793 auctores
423 727 611 791 defectionis
625 727 795 792 Persarum
811 726 962 793 Craterus
977 729 1169 797 adduxerat.

103 825 137 874 1ο
213 814 338 880 -Haud
367 815 471 879 multo
497 819 573 898 post
594 812 763 880 Nearchus
786 819 820 880 et
843 814 1055 901 Onesicritus,
1084 821 1199 902 quos2

154 904 284 987 longius
307 904 342 967 in
364 901 526 967 Oceanum
552 904 724 985 procedere
746 904 897 985 iusserat,
925 907 1168 987 superveniunt.

103 999 135 1049 11
154 991 359 1056 Nuntiabant
380 994 487 1055 autem
511 992 667 1074 quaedam
690 991 815 1073 audita,
838 992 903 1056 alia
925 999 1095 1075 conperta:
1120 997 1170 1060 in-

154 1079 261 1144 sulam
289 1079 374 1144 ostio
404 1079 507 1143 amnis
535 1080 696 1144 obiectam
724 1101 802 1143 auro
830 1079 1006 1162 abundare,
1034 1082 1168 1166 inopem

155 1189 311 1250 equorum
340 1189 423 1231 esse:
460 1168 607 1251 singulos
640 1189 694 1232 eos
722 1173 936 1250 conpererant
963 1169 1004 1232 ab
1027 1169 1083 1254 iis,
1112 1171 1168 1255 qui

155 1277 194 1318 ex
217 1255 396 1319 continenti
418 1255 554 1319 traicere
578 1255 746 1338 auderent,
776 1256 912 1340 singulis
935 1257 1068 1321 talentis
1093 1261 1167 1323 erni.

103 1352 135 1401 11
154 1342 290 1407 Plenum
314 1363 383 1405 esse
405 1342 574 1406 beluarum
597 1365 700 1407 mare:
736 1347 828 1408 aestu
851 1344 989 1408 secundo
1013 1366 1067 1409 eas
1086 1346 1168 1410 ferri

155 1449 347 1512 magnarum
369 1430 501 1495 navium
524 1451 659 1513 corpora
682 1435 869 1515 aequantes,
892 1432 977 1496 truci
995 1437 1093 1498 cantu
1114 1434 1168 1498 de·

154 1517 285 1581 territas
318 1518 409 1600 sequi
440 1519 584 1602 classem,
611 1540 684 1583 cum
711 1540 828 1603 magno
852 1520 999 1602 aequoris
1023 1523 1167 1604 strepitu

102 1617 135 1666 13
154 1606 244 1669 velut
270 1603 417 1670 demersa
444 1607 576 1691 navigia
603 1607 727 1671 subisse
756 1629 864 1689 aquas.
904 1605 1020 1672 Cetera
1047 1609 1167 1675 incolis

155 1693 368 1776 crediderant,
397 1694 484 1759 inter
512 1717 606 1777 quae:
639 1695 773 1759 rubrum
801 1717 888 1759 mare
915 1717 982 1759 non
1009 1718 1028 1759 a
1057 1699 1167 1763 colore

102 1782 328 1867 1411111111,
349 1784 387 1846 ut
408 1782 555 1867 plerique
578 1783 752 1864 crederent,
775 1784 831 1845 sed
853 1784 894 1847 ab
918 1783 1063 1866 Erythro
1086 1806 1167 1870 rege

155 1870 319 1955 appellari,
339 1892 408 1935 osse
426 1871 510 1934 haud
528 1871 640 1952 procul
655 1893 674 1934 a
689 1870 867 1935 continenti
884 1871 1025 1935 insulam
1044 1874 1168 1955 palmis

153 1959 377 2043 frequentibus
410 1959 567 2023 consitam
595 1963 628 2023 et
654 1959 687 2021 in
720 1958 826 2022 medio
853 1958 920 2022 fere
951 1980 1084 2024 nemore
1114 1984 1166 2028 oo·

153 2049 299 2112 lumnam
322 2047 475 2128 eminere,
496 2045 631 2128 Erythri
653 2047 740 2130 regis
764 2048 1015 2131 monumentum,
1040 2049 1164 2114 litteris

102 2144 135 2194 15
154 2136 261 2219 gentis
284 2133 352 2197 eius
376 2134 540 2216 scriptam.
584 2132 779 2198 Adiciebant
800 2135 945 2218 navigia,
973 2156 1054 2219 quae
1077 2137 1165 2202 lixas

154 2226 411 2304 mercatoresque
442 2222 618 2303 rexissent,
650 2222 772 2286 famam
804 2224 872 2286 auri
900 2225 1019 2287 secutis
1048 2225 1167 2307 guber·

153 2310 322 2375 natoribus
341 2309 375 2373 in
393 2309 532 2372 insulam
551 2330 620 2372 esse
638 2309 831 2374 transmissa
850 2331 910 2375 nec
928 2310 1041 2375 deinde
1060 2313 1102 2376 ab
1122 2313 1164 2378 iis

102 2412 135 2460 16
154 2401 269 2482 postea
286 2399 365 2462 visa.
400 2396 470 2462 Rex
493 2397 708 2481 cognoscendi
730 2398 823 2479 plura
841 2398 989 2481 cupidine
1008 2421 1164 2466 accensus

154 2509 264 2552 rursus
289 2508 344 2551 eos
363 2489 483 2550 terram
501 2485 610 2568 legere
628 2485 731 2567 iubet,
754 2485 854 2550 donec
873 2487 913 2550 ad
931 2486 1111 2569 Euphratis
1129 2510 1164 2555 os

154 2576 353 2660 adpellerent
371 2575 517 2657 classem,
535 2573 609 2637 inde
627 2573 761 2638 adverso
781 2597 874 2638 amne
888 2573 1058 2657 Babylona
1076 2578 1163 2642 subi-

101 2674 134 2725 11
153 2668 253 2729 turos.
290 2662 366 2745 Ipse
389 2663 497 2726 animo
520 2660 651 2724 infinita
673 2661 847 2745 conplexus
871 2666 1043 2747 statuerat,
1072 2666 1197 2731 omni3

154 2752 194 2815 ad
226 2751 383 2815 orientem
414 2749 579 2813 maritima
609 2749 740 2832 regione
772 2749 966 2834 perdomita,
997 2772 1035 2815 ex
1069 2749 1165 2834 Syria

152 2843 262 2922 petere
289 2838 449 2920 Africam,
478 2835 671 2921 Carthagini
697 2836 855 2921 infensus,
886 2838 959 2901 inde
988 2837 1165 2905 Numidiae

75 2941 77 2944 ⁴
154 2925 383 2992 solitudinibus
406 2925 588 3010 peragratis
612 2946 740 2989 cursum
765 2924 862 2989 Gadis
883 2926 1034 3011 dirigere,
1056 2963 1093 2974 -
1115 2929 1163 2993 ibi

152 3036 291 3098 namque
314 3015 483 3078 columnas
509 3013 658 3078 Herculis
687 3034 756 3076 essa
781 3012 869 3077 fama
890 3015 1094 3099 vulgaverat,
1121 3052 1161 3064 -

102 3114 134 3164 18
153 3101 329 3186 Hispanias
361 3103 489 3186 deinde,
525 3123 606 3186 quas
638 3100 805 3165 Hiberiam
838 3099 953 3167 Graeci
983 3125 1002 3167 a
1030 3104 1185 3188 flumine¹

152 3191 276 3256 Hibero
304 3191 474 3275 vocabant,
505 3191 592 3255 adire
620 3193 653 3254 et
679 3189 882 3272 praetervehi
906 3190 1007 3274 Alpes
1032 3191 1163 3257 Italiae-

101 3293 134 3341 11
154 3303 215 3365 que
242 3302 346 3363 oram,
375 3279 459 3343 unde
487 3279 522 3342 in
552 3278 690 3362 Epirum
716 3276 825 3342 brevis
852 3298 963 3342 cursus
992 3284 1050 3343 cst.
1096 3279 1164 3365 lgi-

152 3374 207 3434 111
234 3367 487 3452 Mesopotamiae
515 3366 719 3451 praetoribus
747 3367 931 3449 imperavit,
963 3368 1102 3432 materia
1130 3370 1165 3434 in

152 3458 276 3523 Libano
313 3459 424 3522 monte
461 3477 555 3520 caesa
592 3454 785 3538 devectaque
822 3454 861 3518 ad
898 3454 1012 3519 urbem
1050 3454 1165 3539 Syriae

154 3546 357 3629 Thapsacum
393 3544 670 3630 septingentarum
705 3543 832 3608 carinas
863 3543 995 3608 navium
1026 3565 1165 3628 ponere:
