2444 3908
307 100 559 156 HISTORIARUM
577 101 792 155 ALEXANDRI
809 101 843 170 X,
864 107 887 159 1.
907 107 932 156 2.
1058 102 1123 166 263

115 245 291 310 dissolvere
318 248 428 309 tamen
450 246 520 329 ipse
544 245 736 309 decreverat.
780 244 835 309 Illi
856 247 1012 329 temptari
1034 246 1123 330 ipsos
1143 258 1177 307 10

115 334 193 414 1111,
221 355 284 416 quo
310 333 438 398 facilius
466 334 508 397 ab
532 333 668 416 integris
692 336 898 417 sumptuosos
922 334 1125 418 discerneret,

115 421 307 505 prolatando
336 421 536 504 aliquantum
564 425 770 486 extraxerant
792 423 958 506 temporis.
1002 423 1047 486 Et
1069 445 1125 487 rex

115 510 196 573 satis
224 528 359 592 gnarus,
390 508 584 591 professioni
612 510 695 574 aeris
723 510 892 595 pudorem,
921 532 986 575 non
1015 514 1126 575 contu-

114 597 251 661 maciam
276 597 415 679 obstare,
437 619 565 662 mensas
587 598 667 662 totis
690 600 806 663 castris
829 598 906 681 poni
927 599 1023 663 iussit
1045 605 1078 664 et
1100 617 1125 664 x

115 685 208 748 milia
229 684 390 749 talentum
412 685 560 768 proferri.
605 685 689 751 Tum
711 686 840 750 demum
862 705 931 750 cum
953 686 1016 750 fide
1037 686 1126 751 facta
1145 696 1176 744 11

115 772 275 856 professio
300 776 358 837 est.
399 772 468 838 Nec
492 775 630 857 amplius
654 796 693 839 ex
714 778 788 839 tant
790 796 809 838 a
831 773 967 857 pecunia
990 792 1126 858 quamc

116 864 150 924 et
172 865 277 925 xxxt
263 861 388 925 talenta
411 863 606 1012 superfuere.
646 862 736 927 Adeo
760 862 816 927 ille
835 862 955 927 exercit
956 865 1046 927 usto
1011 860 1128 926 ttdi·

115 948 352 1012 vitissimarum
370 954 448 1031 gent
449 950 516 1012 ium
531 950 634 1013 vietor
647 950 722 1032 plus
736 954 846 1015 tamen
860 950 1015 1014 victoriae
1029 971 1126 1034 quam

84 1035 254 1119 9praedae
276 1035 461 1118 deportavit
480 1058 518 1101 ex
539 1036 629 1102 Asia.
665 1035 724 1102 (let
710 1040 814 1100 terum
835 1040 873 1102 ut
891 1038 1058 1120 cognitum
1077 1040 1127 1102 est
1145 1047 1179 1096 12

117 1124 199 1187 alios
230 1124 355 1188 remitti
387 1123 514 1208 domos,
547 1125 627 1189 alios
658 1125 806 1206 retineri,
837 1130 1026 1208 perpetuam
1054 1147 1127 1189 eum

115 1211 210 1294 regni
237 1210 346 1275 sedem
373 1211 408 1275 in
431 1210 513 1277 Asia
534 1212 722 1277 habiturum
744 1213 823 1295 rati,
851 1213 1001 1277 vecordes
1026 1215 1060 1277 et
1083 1212 1127 1276 di-

117 1299 273 1380 sciplinae
291 1299 442 1364 militaris
461 1301 666 1365 immemores
685 1300 848 1365 seditiosis
869 1301 1001 1365 vocibus
1020 1304 1128 1364 castra

117 1387 272 1470 conplent
301 1407 474 1471 regemque
500 1387 638 1452 ferocius
661 1410 757 1472 quam
781 1388 862 1452 11111
886 1387 993 1454 adorti
1015 1410 1126 1452 omnes

117 1475 214 1540 simul
237 1473 424 1539 missionem
447 1476 611 1558 postulare
634 1479 809 1559 coeperunt
832 1476 989 1542 deformia
1007 1498 1064 1541 ora
1085 1477 1127 1541 ci·

117 1563 289 1628 catricibus
318 1563 532 1664 canitiemque
557 1563 700 1647 capitum
724 1566 933 1629 ostentantes.
977 1563 1127 1629 Nect
1070 1567 1127 1628 aut
1147 1573 1179 1622 13

116 1650 353 1734 praefectorum
372 1650 586 1732 castigatione
605 1654 661 1714 aut
674 1652 866 1716 verecundia
879 1652 965 1736 regis
980 1652 1034 1716 det
1020 1653 1127 1716 territi

117 1738 236 1801 tumult
222 1742 317 1802 tuoso
336 1738 477 1802 clamore
494 1741 527 1801 et
540 1737 675 1801 militari
689 1737 846 1802 violentia
859 1739 1023 1804 volentem
1037 1741 1127 1825 loqui

116 1824 309 1889 inhibebant
334 1824 443 1924 palam
471 1825 617 1907 professi,
639 1847 799 1908 nusquam
826 1826 901 1890 inde
927 1827 991 1890 nisi
1013 1827 1047 1890 in
1071 1850 1126 1911 pa-

116 1912 214 1976 triam
237 1911 411 2012 vestigium
434 1933 504 1976 esse
527 1916 681 1978 moturos.
717 1912 861 1978 Tandem
881 1912 1010 1978 silentio
1029 1914 1125 1996 facto,
1147 1923 1180 1973 14

116 2000 221 2082 magis
254 1998 330 2081 quia
363 2003 487 2063 motum
519 2021 588 2064 esse
618 2000 805 2084 credebant,
834 2022 930 2085 quam
958 2002 1035 2085 quia
1063 2003 1127 2086 ipsi

117 2087 242 2152 moveri
267 2088 429 2170 poterant,
453 2085 606 2170 quidnam
629 2092 759 2153 acturus
784 2093 882 2173 11111,
905 2091 1126 2172 expectabant.

116 2175 192 2260 Ille,
219 2173 320 2251 Quid
343 2173 452 2257 haec,'
479 2174 628 2260 11111111,1
634 2197 750 2260 repens
769 2177 986 2242 consternatio
1006 2182 1040 2242 et
1057 2183 1126 2243 tam
1146 2187 1179 2238 15

115 2284 235 2346 procax
258 2267 355 2347 atque
377 2225 477 2327 effdsa
495 2263 628 2328 licentia
646 2265 814 2330 denuntiat
801 2264 838 2330 11
870 2263 990 2367 Eloqui
1009 2271 1127 2332 metuo

117 2349 231 2416 Palam
255 2357 341 2416 certe
365 2351 538 2434 rupistis
528 2352 699 2435 rmperium
728 2357 761 2417 et
786 2353 932 2437 precario
960 2376 1018 2418 rex
1046 2377 1127 2437 sum,

117 2439 168 2502 cui
199 2458 263 2502 non
302 2438 506 2539 adloquendi,
541 2460 607 2503 non
639 2440 790 2504 noscendi
825 2440 1039 2525 monendique
1071 2405 1128 2507 aut

116 2524 262 2590 intuendi
289 2547 347 2590 vos
374 2527 425 2589 ius
452 2526 639 2608 reliquistis.
686 2526 845 2610 Equidem
873 2550 946 2592 cum
978 2529 1058 2593 alios
1082 2530 1127 2594 di·
1147 2540 1180 2589 11

117 2611 278 2678 mittere
268 2633 303 2676 m
324 2613 478 2696 patriam,
498 2613 579 2677 alios
602 2634 727 2677 mecum
747 2615 844 2698 paulo
863 2620 940 2698 post
958 2616 1127 2699 deportare

118 2700 302 2782 statuerim,
333 2705 402 2764 tam
431 2700 507 2765 illos
535 2700 755 2765 adclamantes
782 2702 890 2786 video,
923 2704 979 2787 qui
1008 2704 1128 2768 abituri

118 2792 207 2870 sunt,
230 2810 327 2871 quam
348 2787 424 2872 hos,
447 2808 518 2852 cum
541 2789 658 2870 quibus
676 2790 871 2872 praemissos
890 2791 1044 2875 subsequi
1064 2797 1127 2858 sta-

116 2876 175 2940 tui.
216 2873 299 2951 Quid
321 2876 383 2940 hoc
403 2879 453 2939 est
469 2875 539 2939 1111
569 2876 719 3028 disparit'
709 2899 743 2940 m
762 2899 860 2943 causa
877 2878 962 2943 idem
982 2881 1128 2945 omnium
1148 2891 1179 2940 17

117 2962 240 3027 clamor
263 2965 325 3028 est!
360 2962 520 3027 Pervelim
549 2963 695 3047 scire,u
697 2969 783 3080 trupr
812 2967 867 3050 qui
895 2968 1063 3033 discedunt
1049 2974 1128 3033 tan

117 3051 170 3131 qui
205 3051 386 3116 retinentur
413 3050 452 3115 de
480 3073 530 3115 me
559 3051 1180 3134 11111111130111111111111118

117 3159 228 3204 omnes
256 3139 425 3204 sustulisse
452 3138 640 3204 clamorem:
674 3141 722 3204 ita
748 3142 871 3225 pariter
900 3165 939 3208 ex
961 3148 1032 3209 tota
1055 3166 1126 3207 con-

65 3226 107 3292 10
116 3227 204 3292 tione
235 3248 425 3310 responsum
454 3230 515 3310 111,
549 3248 660 3292 omnes
687 3229 788 3312 queri.
831 3230 951 3297 Tum
1038 3230 1128 3295 ‘Non
1149 3244 1180 3292 11

115 3313 579 3398 11111111’11111111,1ρο1111
614 3316 698 3399 fieri,
733 3321 772 3383 ut
804 3340 825 3384 a
1057 3319 1129 3383 ndi

117 3403 212 3466 simul
244 3403 392 3468 omnibns
425 3402 508 3466 hanc
542 3423 674 3468 causam
705 3426 801 3505 esse,

115 3489 150 3552 in
178 3511 240 3574 qua
278 3492 382 3556 maior
415 3512 490 3575 pars
523 3492 681 3558 exercitus
712 3512 756 3561 no
1095 3516 1166 3688 ᾗ
