2444 3908
76 113 142 178 280
452 115 484 178 Q.
504 111 612 167 CURTI
630 111 717 166 RUFI

18 266 55 319 tc
72 257 182 342 regiae
208 259 300 340 parte
320 255 361 320 ad
383 255 572 338 Euphraten
595 255 706 339 fugam
732 254 912 319 intendunt.
948 253 1093 338 Equita-

72 348 136 426 tus‚
159 344 215 427 qui
237 365 277 408 ex
298 344 506 408 nobilissimis
524 344 675 408 iuvenum
694 343 874 426 constabat,
896 342 1091 409 Perdiccam

74 437 107 497 et
119 431 320 495 Leonnatum
335 430 485 514 frequens
500 431 693 514 sequebatur
705 430 916 514 placebatque
930 431 1092 496 excedere

19 532 53 580 21
74 522 153 584 urbe
181 522 214 583 et
240 519 369 583 tendere
392 519 426 582 in
453 520 584 601 campis.
629 517 691 582 Sed
717 518 870 582 Perdicca
891 538 932 582 ne
956 518 1090 600 pedites
1185 524 1190 532 '

74 607 203 691 quidem
235 611 399 671 secuturos
430 606 537 689 ipsum
569 607 772 689 desperabat:
804 607 927 688 itaque,
961 627 1004 669 ne
1033 608 1090 671 ab·

75 694 218 759 ducendo
242 695 365 778 equites
389 695 556 778 abrupisse
575 717 594 758 a
613 700 720 759 cetero
744 695 886 758 exercitu
911 692 1090 778 videretur,

75 783 109 847 in
131 783 211 847 urbe
235 783 391 846 subsistit.

485 937 563 1004 One.
587 938 674 1003 VIII.

42 1057 55 1105 1
165 1049 211 1109 At
232 1045 394 1129 Meleager
415 1065 526 1129 regem
549 1065 679 1108 monere
700 1064 767 1107 non
789 1042 927 1126 destitit,
950 1043 1002 1108 ius
1027 1045 1087 1110 im·
1097 1044 1137 1109 25

76 1133 158 1216 perii
184 1132 356 1197 Perdiccae
383 1137 486 1196 morte
514 1131 719 1195 sanciendum
742 1152 824 1195 esse:
853 1132 888 1195 ni
910 1136 1089 1215 occupetur

40 1231 56 1280 a
76 1221 223 1303 inpotens
244 1221 378 1302 animus,
399 1241 450 1284 res
468 1224 670 1283 novaturum.
701 1217 886 1283 Meminisse
905 1240 988 1302 eum,
1008 1221 1089 1304 quid

76 1308 115 1370 de
134 1328 210 1391 rege
229 1309 412 1386 meruisset,
434 1307 594 1371 nemiuem
613 1311 720 1369 autem
739 1307 769 1369 ci
787 1307 867 1370 satis
885 1307 987 1372 fidum
1006 1329 1090 1391 esse,

77 1415 172 1477 quem
200 1396 331 1457 metuat.
377 1393 446 1457 Rex
474 1394 656 1476 patiebatur
679 1393 786 1476 magis·
807 1416 904 1477 quarn
927 1394 1089 1460 adsentie-

75 1482 180 1546 batur.
220 1480 334 1564 Itaque
356 1480 519 1565 Meleager
542 1481 706 1545 silentium
728 1502 786 1564 pro
806 1482 941 1564 imperio
960 1482 1088 1547 habuit
1182 1530 1186 1541 .

42 1581 59 1628 3
78 1569 171 1632 Misit
188 1569 274 1652 regis
292 1569 434 1646 nomine,
457 1568 513 1652 qui
530 1568 715 1633 Perdiccam
734 1572 946 1634 accerserent:
969 1570 1088 1634 iisdem

76 1657 277 1740 mandatum,
309 1661 346 1722 ut
377 1656 571 1740 occiderent,
602 1657 629 1721 si
657 1657 764 1720 venire
791 1657 963 1722 dubitaret.
1008 1657 1088 1722 Per·
1193 1732 1196 1739 Ι

76 1745 165 1809 dicea
200 1745 352 1810 nuntiato
389 1745 566 1809 satellitum
603 1744 742 1809 adventu
776 1745 913 1808 sedecim
950 1746 1089 1810 omnino

75 1834 183 1915 pueris
206 1834 315 1916 regiae
339 1833 482 1898 cohortis
501 1833 671 1896 comitatus
690 1832 724 1895 in
742 1832 854 1896 limine
873 1832 988 1896 domus
1007 1855 1090 1898 suae

77 1920 225 1985 constitit
245 1922 484 2004 castigatosque
503 1923 536 1983 et
555 1919 710 2003 Meleagri
729 1920 888 2002 mancipia
906 1920 1088 1985 identidem

77 2008 245 2091 appellans
264 2010 311 2073 sic
329 2008 430 2073 animi
447 2008 620 2090 vultusque
639 2008 819 2072 constantia
837 2008 960 2087 terruit,
979 2010 1017 2071 ut
1031 2008 1089 2072 vix

41 2107 59 2154 4
78 2095 195 2160 mentis
214 2101 378 2178 compotes
393 2096 549 2179 fugerent.
581 2093 733 2159 Perdicca
746 2116 861 2177 pueros
877 2115 975 2178 equos
988 2094 1091 2160 iussit

77 2183 287 2248 conscendere
315 2187 348 2247 et
375 2205 447 2247 cum
473 2183 583 2265 paucis
612 2182 788 2245 amicorum
815 2183 856 2246 ad
882 2182 1089 2248 Leonnatum

76 2271 234 2355 pervenit,
258 2271 324 2334 iam
348 2270 489 2334 firmiore
512 2270 672 2352 praesidio
690 2271 756 2333 vim
775 2271 1035 2352 propulsaturus,
1060 2272 1089 2336 si

40 2368 57 2416 5
78 2358 149 2441 quis
167 2358 309 2422 inferret.
335 2357 471 2422 Postera
485 2357 535 2421 die
548 2357 682 2440 indigna
695 2379 746 2420 res
759 2356 988 2422 Macedonibus
1003 2359 1090 2422 vide·

76 2447 184 2528 batur,
211 2445 398 2509 Perdiccam
427 2446 467 2510 ad
494 2446 608 2509 mortis
636 2444 814 2526 perieulum
842 2445 1029 2530 adductum,
1055 2451 1090 2511 et

76 2533 234 2617 Meleagri
269 2534 487 2598 temeritatem
523 2532 621 2597 armis
652 2533 757 2596 ultum
791 2533 838 2596 ire
870 2534 1090 2600 decreverant.

42 2633 59 2682 6
78 2620 186 2705 Atque
204 2622 269 2703 ille,
288 2622 445 2686 seditione
465 2621 594 2704 provisa
612 2642 683 2684 eum
701 2641 811 2704 regem
826 2621 969 2703 acuisset,
987 2622 1089 2686 inter·

77 2730 194 2792 rogare
227 2732 299 2774 eum
332 2710 450 2791 eoepit,
483 2730 524 2773 an
551 2707 736 2772 Perdiccam
769 2708 985 2790 conprehendi
1015 2709 1091 2792 ipse

77 2798 233 2861 iussisset.
276 2796 338 2860 Ille
365 2796 522 2880 Meleagri
549 2795 705 2860 instinctu
733 2818 766 2860 se
793 2796 928 2861 iussisse
953 2818 1090 2880 respon·

78 2884 138 2966 dit,
170 2888 310 2948 ceterum
343 2905 409 2947 non
439 2884 555 2948 debere
582 2883 774 2947 tumultuari
801 2905 869 2962 eos,
900 2884 1090 2949 Perdiccam

42 2984 57 3032 7
78 2972 163 3035 eninr
182 2973 298 3036 vivere.
324 2969 430 3054 Igitur
449 2972 597 3036 contione
612 2971 745 3035 dimissa
759 2970 923 3055 Meleager
941 2972 1089 3055 equitum
1099 2973 1144 3038 26

76 3059 216 3124 maxime
253 3059 430 3123 defectione
465 3059 655 3143 perterritus
691 3059 848 3143 inopsque
886 3059 1017 3124 consilii
1046 3097 1089 3108 -

77 3148 194 3230 quippe
226 3147 261 3210 in
274 3172 279 3178 ·
292 3147 400 3230 ipsum
433 3148 610 3230 periculum
642 3147 812 3230 reciderat,
844 3147 929 3231 quod
956 3147 1091 3213 inimico

76 3236 174 3319 paulo
194 3238 267 3298 aute
293 3234 474 3299 intenderat
494 3271 535 3279 —
555 3235 697 3298 triduum
725 3234 793 3298 fere
821 3236 1022 3317 consumpsit
1042 3236 1092 3301 in·

41 3326 166 3388 ecerta
193 3323 330 3388 consilia
357 3322 522 3388 volvendo.
577 3322 622 3385 Et
653 3322 791 3406 pristina
823 3323 951 3406 quidem
977 3323 1091 3407 regiae

77 3412 201 3495 species
220 3412 381 3494 manebat,
399 3432 475 3474 nam
495 3412 528 3472 et
545 3409 646 3493 legati
665 3410 810 3493 gentium
827 3430 938 3494 regem
955 3409 1095 3477 adibant

76 3504 110 3564 et
138 3500 304 3585 copiarum
338 3499 431 3563 duces
464 3497 598 3561 aderant
631 3500 664 3563 et
694 3498 892 3562 vestibulum
927 3499 1092 3565 satellites
