2408 3944
39 167 41 172 ,
117 123 181 186 142
490 121 522 186 Q.
541 121 755 178 CURTI'RUFI

117 272 149 332 et
172 287 232 352 ego
260 267 384 333 viderer
412 266 523 331 multis
547 267 723 331 amicorum
750 267 836 350 regis
863 267 962 331 fuisse
989 266 1130 348 periculi

117 377 220 420 causa.
273 353 326 420 Sic
358 377 497 438 quoque,
529 377 600 420 cum
628 355 778 418 laeserim
804 356 979 432 neminem,
1006 354 1129 437 inveni,

65 464 97 514 18
117 445 172 527 qui
202 444 316 508 mallet
347 444 453 526 perire
486 465 550 527 me,
582 465 677 526 quam
710 444 903 508 incolumem
934 464 1017 506 esse:
1050 443 1128 526 quid

116 532 358 596 inimicitiarum
387 530 515 595 creditis
546 534 752 614 excepturum
779 531 893 613 fuisse,
923 532 951 595 si
978 532 1126 595 insontes

106 621 340 685 -lacessissem‘l
377 619 423 684 Ac
440 621 524 683 enim
537 617 683 703 Dymnus
703 640 736 683 se
756 620 884 684 oceidit!
917 618 1004 684 Num
1024 619 1129 702 igitur

64 727 97 775 19
116 707 277 773 facturum
310 730 383 772 eurn
414 707 556 772 divinare
588 707 704 789 potui?
757 705 900 771 Minime.
953 705 1007 770 Ita
1039 707 1128 790 qnod

117 797 223 860 solum
254 796 372 861 indicio
404 795 512 859 fidem·
531 795 622 878 fecit,
654 795 686 858 id
718 816 782 878 me,
815 817 888 860 curn
920 817 940 859 a
968 793 1127 860 Cebalino

64 903 98 951 20
117 885 341 967 interpellatus
365 906 448 966 sum,
476 904 604 948 movere
626 904 691 947 non
718 885 856 965 poterat.
901 883 947 947 At
968 883 1126 966 hercules,
1137 883 1181 947 39

118 973 146 1037 si
169 974 315 1037 conscius
337 969 468 1055 Dymno
496 971 580 1036 tanti
608 971 735 1035 sceleris
763 971 909 1054 fuissem,
937 971 1035 1034 biduo
1065 971 1126 1036 illo

116 1060 262 1142 proditos
290 1081 360 1125 esse
387 1081 446 1124 nos
478 1060 679 1124 dissimulare
711 1080 777 1123 non
808 1059 916 1123 debui:
951 1056 1126 1124 Cebalinus

64 1166 97 1214 21
116 1149 185 1230 ipse
208 1148 283 1212 tolli
306 1147 470 1210 demedio
493 1148 646 1231 nulloque
669 1147 800 1232 negotio
821 1148 937 1229 potuit.
977 1145 1126 1230 Denique

116 1238 193 1317 post
210 1236 353 1299 delatum
371 1234 532 1316 indicium,
550 1237 631 1316 qaod
643 1240 811 1318 operturus
827 1256 924 1318 eram,
942 1235 1126 1299 cubiculum

116 1322 202 1406 regis
227 1323 313 1387 solus
337 1322 467 1406 intravi,
490 1322 574 1386 ferro
599 1323 727 1406 quidem
750 1324 882 1387 cinctus.
923 1320 988 1388 Our
1010 1322 1125 1388 distuli

64 1430 97 1477 aa
116 1409 266 1474 facinus?
298 1410 352 1474 An
376 1412 446 1473 sina
463 1408 591 1493 Dymno
609 1433 675 1475 non
698 1434 770 1475 sum
789 1411 907 1476 ausus?
943 1411 1004 1474 Ille
1022 1410 1127 1495 igitur

62 1535 64 1539 ι
116 1498 267 1582 princeps
291 1498 520 1564 coniurationis
542 1498 618 1562 fuit!
647 1500 705 1563 sub
729 1500 814 1563 illius
838 1499 952 1564 umbra
974 1498 1124 1564 Philotas

118 1587 275 1671 latebam,
303 1587 358 1670 qui
383 1607 519 1669 regnum
542 1586 753 1651 Macedonum
777 1587 915 1651 adfecto!
959 1585 1079 1670 Ecquis
1104 1609 1123 1650 e

115 1675 206 1739 vobis
230 1679 399 1758 corruptus
423 1677 473 1738 est
497 1674 610 1739 donis?
644 1696 738 1758 quem
762 1676 886 1757 ducem,
914 1697 1008 1758 quem
1030 1696 1124 1757 prae-

115 1762 236 1827 fectum
258 1762 424 1847 inpensius
448 1761 553 1826 colui?
598 1761 681 1826 Mihi
706 1763 832 1846 quidem
857 1763 1008 1845 obicitur,
1037 1763 1123 1845 quod

116 1853 303 1916 societatem
325 1852 424 1934 patrii
443 1852 599 1915 sermonis
619 1873 783 1935 asperner,
807 1852 892 1934 quod
909 1850 1124 1915 Macedonum

115 1963 221 2005 mores
249 1940 424 2004 fastidiam.
474 1938 528 2004 Sic
554 1959 630 2023 ergo
661 1939 810 2022 imperio,
842 1939 926 2022 quod
957 1938 1123 2023 dedignor,

62 2047 95 2095 aa
115 2029 281 2092 immineol
324 2026 539 2109 Iampridem
562 2028 689 2092 nativus
717 2027 773 2091 ille
801 2047 905 2091 sermo
929 2027 1121 2092 commercio

116 2117 251 2179 aliarum
274 2115 420 2199 gentium
440 2114 590 2179 exolevit:
613 2119 681 2178 tam
700 2115 890 2198 victoribus,
913 2135 1010 2197 quarn
1028 2115 1122 2179 victis

62 2222 96 2269 24
114 2202 285 2285 peregrina
316 2202 430 2284 lingua
457 2200 605 2264 discenda
634 2206 690 2266 est.
741 2201 816 2267 Non
843 2202 1024 2266 mehercule
1056 2203 1123 2268 ista

115 2310 165 2352 me
192 2288 298 2373 magis
325 2289 469 2370 laedunt,
507 2310 604 2370 quam
634 2289 718 2372 quod
745 2287 918 2372 Amyntas,
949 2290 1124 2356 Perdiccae
1152 2315 1157 2321 ·

113 2377 213 2455 filius,
230 2375 400 2441 insidiatus
419 2378 469 2440 est
487 2375 571 2458 regi:
590 2397 662 2440 curn
681 2398 743 2461 qno
764 2377 849 2461 quod
864 2377 1005 2442 amicitia
1023 2379 1123 2444 fuerit

115 2465 209 2550 mihi,
227 2487 293 2530 non
310 2486 422 2530 recuso
441 2464 622 2547 defendere,
641 2469 669 2528 si
687 2465 822 2529 fratrem
837 2467 924 2550 regis
942 2487 1007 2529 non
1026 2488 1120 2550 opor·

60 2573 95 2621 ac
114 2555 178 2618 tuit
202 2555 294 2639 diligi
317 2577 337 2618 a
359 2554 462 2623 nobis.
503 2551 558 2617 Sin
582 2557 690 2618 autern
712 2553 747 2617 in
768 2554 825 2619 illo
848 2553 995 2618 fortunae
1019 2554 1121 2636 gradu

16 2697 18 2701 ,
113 2643 257 2723 positum
281 2643 379 2705 etiam
404 2641 551 2709 venerari
572 2662 702 2706 necesse
725 2647 806 2706 erat:
838 2645 959 2724 utrum,
992 2664 1120 2726 quaeso,

115 2729 200 2810 quod
225 2751 290 2793 non
309 2728 462 2812 divinavi,
485 2749 558 2793 reus
582 2751 664 2811 sum,
689 2751 732 2793 an
753 2730 914 2812 inpiorum
938 2730 1049 2794 amicis
1072 2732 1120 2794 in-

113 2816 260 2879 sontibus
293 2836 418 2898 quoque
450 2816 650 2880 moriendum
683 2818 753 2881 est?
804 2817 895 2893 Quod
928 2819 956 2882 si
983 2840 1120 2901 aequum

114 2905 175 2984 est,
205 2923 260 2965 eur
282 2903 405 2966 tamdiu
428 2902 524 2967 vivo?
552 2904 580 2967 si
602 2903 771 2988 iniustum,
801 2927 856 2970 eur
878 2927 962 2969 nunc
992 2906 1120 2970 demum

60 3011 94 3059 ac
113 2989 262 3054 occidor?
301 2990 346 3053 At
370 2991 454 3053 enim
477 2990 591 3072 scripsi
614 2993 758 3056 misereri
781 3015 831 3056 me
855 3015 980 3074 eorum,
1004 2995 1120 3078 quibus

112 3076 282 3142 vivendum
310 3080 395 3140 esset
423 3079 558 3160 subeo,
589 3079 643 3161 qui
667 3101 700 3143 se
727 3080 814 3144 lovis
841 3081 945 3144 filiurn
968 3080 1120 3146 crederet.

112 3165 205 3229 Fides
234 3164 409 3247 amicitiae,
437 3166 504 3230 veri
533 3167 659 3230 consilii
685 3167 867 3248 periculosa
894 3168 1039 3249 libertas,
1067 3190 1119 3231 me

113 3252 297 3336 decepistis!
325 3273 398 3334 voc,
426 3274 506 3335 qnae
535 3254 727 3338 sentiebam,
753 3277 794 3319 ne
817 3255 998 3336 reticerem,
1027 3254 1119 3336 inpu-

112 3342 213 3406 listisl
246 3338 417 3423 Scripsisse
436 3361 486 3402 me
504 3340 584 3404 haec
601 3340 713 3422 fateor,
731 3344 785 3407 sed
800 3342 878 3424 regi,
896 3362 962 3404 non
984 3341 1022 3404 de
1041 3363 1117 3427 rege

59 3430 288 3514 suscripsisse.
332 3425 408 3491 Non
432 3428 515 3491 enirn
539 3427 698 3492 faciebam
721 3429 890 3510 invidiam,
919 3429 973 3492 sed
997 3451 1056 3514 pro
1075 3453 1118 3497 eo

112 3518 275 3582 timebam.
311 3513 448 3599 Dignior
467 3514 547 3578 mihi
560 3515 742 3582 Alexander
761 3516 937 3599 videbatur,
958 3518 1014 3601 qui
1030 3518 1129 3584 Iovis·
