2444 3908
247 141 501 197 1111011111
518 127 803 213 maximorum,
824 150 865 200 11.
885 149 925 201 13.
1046 146 1090 210 65

83 308 181 370 quam
204 287 288 351 circa
309 285 433 349 humidi
453 285 629 349 effuderant
645 289 781 369 montes,
802 286 985 351 universam
1003 287 1089 371 equi-

84 375 156 438 dem
185 375 232 437 rei
258 373 373 437 faeiem
399 394 466 437 non
494 373 642 456 abstulit,
673 376 812 437 ceterum
839 374 1003 458 agminum
1027 375 1089 438 dis-

83 462 218 525 crimina
245 465 339 545 atque
367 461 511 525 ordinem
537 461 702 543 prohibuit
726 461 872 543 perspici.
915 460 1088 526 Multitudo

82 548 294 612 inundaverat
334 570 464 631 campos
504 547 711 632 fremitusque
747 552 798 612 tot
832 548 955 612 milium
991 550 1088 613 etiam

83 637 194 718 procul
230 636 384 700 stantium
420 657 511 699 aures
546 636 733 718 inpleverat.
787 634 950 699 Fluctuari
980 638 1087 701 animo
1107 661 1139 710 21

82 745 139 787 rex
162 726 195 786 et
217 723 312 787 modo
335 745 440 806 suum,
462 724 557 788 modo
580 723 802 787 Parmenionis
825 723 995 800 consilium
1017 745 1088 787 sera

83 810 306 874 aestimatione
327 812 537 893 perpendere:
561 811 678 894 quippe
701 832 738 874 10
756 814 887 874 ventum
905 814 982 894 erat,
1003 811 1088 874 unde
1202 826 1210 838 ·

82 899 182 982 recipi
212 898 381 981 exercitus,
416 899 481 962 nisi
511 898 626 981 victor,
658 898 725 962 sine
756 898 845 962 clade
876 918 943 961 non
970 901 1087 980 posset.

82 984 197 1070 Itaque
227 985 427 1050 dissimulato
458 1006 576 1068 pavore
605 985 856 1048 mercennarium
883 985 1022 1069 equitem
1050 1007 1088 1048 ex
1106 1011 1140 1059 22

83 1071 224 1137 Paeonia
240 1073 428 1156 praecedere
446 1073 543 1136 iubet.
578 1072 652 1155 Ipse
669 1071 872 1156 phalangem,
892 1073 976 1136 sicut
993 1075 1089 1137 antea
1106 1099 1140 1148 23

84 1159 203 1228 dictum
226 1164 283 1244 est,
304 1160 340 1224 in
362 1159 424 1224 duo
443 1180 563 1224 cornua
580 1159 778 1224 extenderat:
801 1163 971 1243 utrumque
989 1181 1088 1223 cornu
1147 1176 1149 1184 ·

84 1247 207 1331 equites
233 1248 395 1332 tegebant.
444 1246 574 1330 Iamque
602 1247 735 1311 nitidior
761 1248 817 1311 lux
846 1246 988 1311 discussa
1015 1248 1089 1311 oali-

83 1336 158 1418 gine
195 1336 295 1399 aciem
325 1335 468 1399 hostium
502 1335 697 1418 ostenderat,
734 1338 767 1398 11
796 1332 986 1398 Macedones
1021 1335 1087 1398 sive

88 1423 252 1488 alacritate
280 1423 345 1488 sive
372 1423 478 1487 taedio
503 1422 733 1505 expectationis
755 1422 920 1505 ingentem
941 1441 1088 1506 pugnan-

81 1510 164 1574 tium
194 1533 282 1576 more
314 1511 440 1575 edidere
472 1511 651 1575 clamorem.
695 1508 849 1572 Redditus
877 1513 910 1573 et
936 1531 956 1572 a
981 1508 1087 1573 Persis

80 1619 214 1663 nemora
231 1599 392 1680 vallesque
411 1597 629 1663 circumiectas
647 1596 782 1660 terribili
802 1618 881 1660 sono
898 1596 1086 1679 inpleverat:

81 1705 141 1748 nec
175 1686 241 1748 iam
277 1686 434 1748 contineri
464 1684 655 1748 Macedones
685 1686 848 1766 poterant,
884 1684 962 1767 quin
994 1704 1087 1748 cursu
1106 1708 1139 1756 24

83 1791 208 1853 quoque
237 1770 278 1832 ad
304 1771 429 1833 hostem
456 1771 691 1834 contenderent.
735 1768 850 1834 Melius
873 1770 977 1833 adhuc
999 1773 1088 1834 ratus

83 1858 118 1920 in
141 1856 252 1920 eodem
274 1855 399 1918 tumulo
417 1858 523 1919 castra
539 1857 672 1940 munire,
694 1876 748 1920 rea
765 1856 885 1919 vallum
903 1856 965 1920 iaci
982 1857 1086 1921 iussit:

83 1948 274 2027 strenueque
306 1961 399 2025 opere
430 1942 570 2025 perfecto
601 1943 636 2007 in
665 1943 920 2027 tabernaculum,
954 1965 993 2007 ex
1025 1965 1087 2028 quo

82 2034 153 2096 tota
175 2031 258 2096 acies
281 2029 424 2094 hostium
447 2030 714 2113 conspiciebatur,
738 2031 876 2096 secessit.

488 2186 566 2253 (111.
587 2186 676 2252 XIII.

35 2296 71 2360 47
171 2292 253 2358 Tum
284 2314 360 2358 vero
390 2292 541 2359 universa
570 2292 671 2357 futuri
702 2293 893 2358 discriminis
924 2291 1022 2357 facies
1053 2294 1121 2365 in1

83 2381 183 2453 oculis
206 2383 287 2445 erat:
310 2382 407 2445 armis
428 2381 610 2465 insignibus
633 2381 707 2464 equi
725 2381 848 2463 virique
868 2380 1089 2464 splendebant,

82 2473 116 2533 et
138 2469 247 2532 omnia
266 2468 438 2533 intentiore
465 2489 541 2532 cura
564 2468 748 2550 praeparari
771 2467 855 2549 apud
876 2466 1003 2530 hostem
1027 2467 1088 2530 sol·

81 2557 213 2620 licitudo
235 2559 420 2639 praetorum
443 2555 572 2639 agmina
591 2576 650 2618 sua
667 2553 965 2637 interequitantium
983 2556 1088 2618 osten·

83 2645 192 2726 debat,
225 2664 261 2707 ac
292 2643 443 2725 pleraque
473 2641 594 2724 inania,
627 2642 709 2706 sicut
736 2640 883 2705 fremitus
912 2642 1122 2726 hominum,2

83 2752 238 2815 equorum
277 2729 384 2795 hinnit
384 2751 436 2812 us,
482 2750 642 2792 armorum
683 2728 938 2793 internitentium
973 2730 1089 2815 fulgor,

83 2818 254 2882 sollicitam
291 2816 508 2916 expectatione
544 2821 684 2881 mentem
716 2817 931 2881 turbaverant
984 2817 1122 2902 Igitura

83 2906 150 2969 sive
174 2904 288 2968 dubius
312 2904 426 2985 animi,
450 2904 516 2968 sive
538 2907 575 2968 ut
597 2926 672 2970 suos
695 2904 897 2987 experiretur,
920 2907 1087 2969 consilium

82 2991 226 3092 adhibet,
259 2991 334 3074 quid
363 2992 520 3075 optimum
548 2993 636 3057 factu
665 2996 762 3075 esset,
792 2993 967 3076 exquirens.
1012 2993 1086 3057 Par·
1107 3016 1121 3061 4
1184 3072 1194 3080 ὁ,

82 3080 204 3162 menio,
238 3079 449 3161 peritissimus
481 3080 565 3144 inter
596 3080 690 3144 duces
722 3041 839 3143 artium
872 3082 959 3162 belli,
993 3080 1078 3145 furto
1060 3103 1087 3163 0,

82 3189 150 3232 non
170 3167 303 3269 proelio
316 3188 395 3249 opus
418 3188 486 3232 esse
510 3168 673 3231 01111111·
697 3166 901 3250 ‘intempesta
920 3171 1013 3231 10011
1033 3192 1087 3251 op-

82 3256 179 3336 primi
200 3277 295 3356 posse
316 3254 391 3319 host
377 3258 438 3319 t:es
464 3255 617 3319 discordis
640 3256 791 3334 moribus,
813 3256 941 3340 linguis,
965 3257 1004 3319 ad
1026 3256 1088 3320 hoc

83 3363 195 3407 somno
223 3343 291 3407 et
281 3343 444 3426 mproviso
470 3344 612 3444 periculo
640 3345 782 3428 territos,
816 3344 979 3427 quando
970 3366 1005 3406 m
1031 3366 1088 3408 no·

70 3470 73 3477 -
83 3433 198 3493 eturna
218 3432 430 3514 trepidatione
453 3431 614 3495 co1turos‘?
640 3431 686 3495 At
708 3432 846 3496 interdiu
868 3452 1008 3514 primum
1024 3433 1087 3494 ter·

81 3517 191 3583 ribiles
223 3540 407 3583 occursuras
436 3519 533 3583 facies
561 3517 640 3604 Scyt
626 3519 754 3585 tharum
783 3426 1161 3672 Bictrianorumqua⁸

135 3621 276 3663 enumera
276 3622 320 3664 m.
919 3625 939 3669 1
