2444 3908
236 105 490 162 HISTORIARUM
507 105 722 161 ALEXANDRI
740 105 814 169 VIII,
834 114 875 161 11.
892 113 933 161 11.
1016 107 1080 172 217

77 251 199 337 agmini
225 250 366 316 immixti
387 252 499 334 procul
529 251 736 316 castellorum
764 251 907 316 fecerant
934 251 1081 334 speciem.

76 341 125 403 Ac
139 340 242 423 primo
262 339 446 403 Alexander
458 360 523 402 non
539 339 670 418 socium,
689 339 745 404 sed
762 339 890 404 hostem
908 340 1080 405 adventare
1099 351 1117 399 8

76 427 225 492 credebat
246 427 375 510 iamque
399 427 525 509 etipse
548 449 637 491 arma
661 427 781 491 milites
805 432 973 511 caperest
997 429 1082 512 equi·

75 519 126 580 100
149 514 310 579 discedere
333 515 368 578 in
390 535 511 579 cornua
532 514 683 592 iusserat,
708 519 842 598 paratus
866 515 906 579 ad
929 535 1081 599 pugnam.

75 603 122 668 At
141 602 240 668 Indus
264 603 395 686 cognito
418 601 630 666 Macedonum
655 624 762 667 errore
785 603 883 667 iussis
907 603 1081 669 subsistere

76 690 193 757 ceteris
215 691 287 774 ipse
305 691 447 755 concitat
464 712 590 773 equum,
609 711 671 773 quo
690 690 881 755 vehebatur:
903 690 990 755 idem
1009 692 1083 756 Ale-

75 779 197 843 xander
214 799 340 863 quoque
358 778 445 863 feeit,
463 779 530 842 sive
548 778 654 842 hostis
673 778 739 843 sive
758 778 880 843 amicus
894 783 1082 861 occurreret,

75 867 128 931 vel
157 889 216 931 sua
238 866 358 931 virtute
380 867 432 930 vel
455 866 544 931 illius
566 865 629 930 fide
651 869 750 931 tutus.
792 865 912 950 Coiere,
936 867 1021 952 quod
1044 876 1117 930 exa

75 955 243 1038 utriusque
256 954 350 1019 vultu
362 959 474 1037 posset
491 954 648 1038 intellegi,
662 955 774 1018 amicis
790 954 923 1019 animis:
941 958 1083 1018 ceterum

77 1043 145 1106 sine
177 1043 355 1126 interprete
386 1064 451 1105 non
483 1045 612 1125 poterat
643 1042 769 1106 conseri
800 1064 914 1107 serino.
968 1042 1083 1125 Itaque

77 1130 225 1195 adhibito
248 1152 285 1195 οο
309 1131 466 1194 barbarus
490 1130 665 1194 occurrisse
690 1152 723 1194 se
747 1130 828 1194 dixit
851 1151 923 1194 eum
942 1131 1083 1194 exercitu

77 1221 166 1282 totas
188 1218 316 1301 imperii
332 1217 416 1282 vires
436 1219 583 1301 protinus
602 1218 795 1282 traditurum
812 1239 872 1282 nec
891 1222 1084 1301 expectasse,

77 1306 154 1369 dum
166 1327 223 1389 per
235 1307 366 1370 nuntios
380 1306 510 1369 daretur
524 1306 612 1371 fides.
649 1303 773 1389 Corpus
792 1327 886 1370 suum
901 1309 933 1369 01
947 1325 1083 1389 regnum
1103 1314 1136 1363 10

76 1395 266 1477 permittere
293 1394 357 1475 1111,
385 1415 478 1477 quem
506 1395 602 1458 sciret
629 1395 752 1479 gloriae
779 1394 976 1457 militantem
1000 1393 1083 1456 nihil

23 1500 68 1565 43
79 1482 183 1566 magis
207 1503 303 1565 quam
325 1482 445 1546 famam
467 1482 582 1546 timere
604 1482 764 1564 perfidiae.
812 1481 932 1546 Laetus
960 1482 1083 1565 simpli·

78 1571 176 1634 citata
195 1570 326 1633 barbari
345 1592 400 1633 rex
419 1573 452 1633 01
471 1569 643 1651 dexteram,
661 1569 735 1634 fidei
754 1591 831 1634 suae
849 1570 977 1653 pignus,
995 1569 1083 1633 dedit

78 1661 111 1722 01
129 1679 264 1741 regnum
283 1657 433 1721 restituit.
473 1675 532 1721 nvr
551 1657 716 1739 elephanti
735 1660 835 1740 erant,
854 1679 933 1739 quos
951 1657 1084 1721 tradidit
1103 1666 1135 1715 11

78 1745 270 1828 Alexandro,
287 1746 451 1828 multaque
469 1766 585 1827 pecora
603 1744 738 1808 eximiae
752 1744 996 1828 magnitudinis,
1013 1749 1083 1808 tau-

79 1855 133 1897 ros
153 1832 194 1896 ad
212 1851 252 1896 111
269 1833 370 1915 milia,
391 1834 571 1916 pretiosum
594 1832 628 1895 in
647 1854 684 1895 00
701 1833 835 1914 regione
855 1835 1083 1914 acceptumque

79 1921 194 1985 animis
221 1921 425 2005 regnantium
452 1923 641 1984 armentum.
687 1919 862 1995 Quaerenti
888 1919 1084 2001 Alexandro,
1104 1928 1136 1977 11

77 2010 185 2092 plures
217 2009 426 2092 agricultores
456 2008 590 2071 haberet
618 2029 659 2071 an
686 2007 823 2089 milites,
854 2028 927 2071 eum
959 2007 1083 2071 duobus

79 2096 208 2181 regibus
231 2098 366 2161 bellanti
388 2095 452 2160 sibi
475 2095 597 2159 maiore
623 2096 764 2159 milltum
788 2117 884 2179 qnam
908 2096 1083 2179 agrestium

79 2207 176 2248 manu
200 2207 280 2268 opus
304 2206 373 2249 esse
396 2183 570 2268 respondit.
614 2182 767 2248 Abisares
796 2187 829 2247 et
850 2182 952 2249 Porus
981 2186 1136 2266 erant,1o

79 2273 134 2337 0οἀ
155 2273 190 2338 10
216 2272 301 2337 Poro
326 2271 488 2338 eminebat
510 2273 695 2337 auctoritas.
740 2270 883 2356 Uterque
906 2271 992 2335 ultra
1014 2271 1084 2355 Hy·

79 2360 200 2442 daspen
227 2382 354 2424 amnem
380 2360 539 2445 regnabat
566 2363 598 2424 et
625 2360 701 2424 belli
727 2358 906 2440 fortunam,
938 2358 1083 2443 quisquis

80 2469 170 2512 arma
183 2447 327 2531 inferret,
345 2449 483 2531 experiri
497 2447 689 2512 decreverat.
725 2445 861 2528 Omphis
874 2446 1084 2529 permittente
1104 2455 1137 2505 14

79 2533 263 2599 Alexandro
291 2538 324 2598 01
351 2533 476 2618 regium
498 2535 626 2618 insigne
648 2532 789 2615 sumpsit
812 2536 845 2596 et
866 2554 956 2597 more
979 2534 1085 2615 gentis

79 2644 156 2687 0000
182 2644 313 2703 nornen,
336 2621 421 2704 quod
436 2692 440 2699 ,
447 2620 551 2704 patris
573 2621 691 2685 fuerat:
720 2618 856 2685 Taxilen
883 2620 1085 2705 appellavere

78 2711 250 2794 populares
274 2711 426 2793 sequente
446 2708 577 2773 nomine
598 2707 778 2791 imperium,
800 2707 836 2771 in
854 2729 1085 2795 quemcumque

79 2797 241 2861 transiret.
280 2795 386 2879 Igitur
400 2817 472 2860 curn
490 2817 548 2878 per
565 2795 707 2861 triduum
725 2795 932 2880 hospitaliter
946 2797 1085 2865 Alexan·
1104 2806 1138 2859 1⁶

80 2883 173 2946 drum
204 2885 399 2967 accepisset,
430 2891 545 2967 quarto
581 2884 632 2948 die
664 2887 712 2968 et,
744 2888 901 2970 quantum
931 2884 1087 2955 frumeuti

80 2971 192 3052 copiis,
212 2992 291 3054 quas
305 2970 527 3053 Hephaestion
545 2971 687 3051 duxerat,
707 2972 889 3056 praebitum
906 2978 1086 3061 00000001,

80 3058 223 3122 ostendit
253 3062 286 3122 et
318 3080 431 3123 aureas
458 3080 594 3124 coronae
625 3060 690 3143 ipsi
722 3060 897 3147 amicisque
927 3064 1088 3147 omnibus,

78 3150 208 3230 praeter
229 3146 310 3211 haec
333 3146 453 3230 signati
476 3147 602 3230 argenti
618 3164 717 3213 nxxx
733 3148 862 3215 talenta
882 3148 968 3219 dono
990 3149 1087 3219 dedit

80 3233 150 3310 Qua
173 3234 373 3319 benignitate
401 3235 469 3299 0100
492 3235 674 3299 Alexander
701 3236 782 3301 mire
803 3238 909 3303 laetas
930 3240 977 3323 at,
1002 3256 1086 3323 quae
1103 3244 1139 3299 11

78 3322 108 3386 10
131 3322 274 3402 dederat,
300 3323 427 3387 remisit
450 3326 483 3386 et
504 3323 593 3387 mille
616 3324 741 3389 talenta
764 3346 803 3389 ex
828 3324 962 3409 praeda,
988 3344 1086 3409 qum

79 3408 229 3494 vehebat,
257 3411 377 3475 adiecit
402 3411 569 3494 multaque
596 3410 778 3477 convivalia
803 3433 842 3475 ex
869 3434 947 3475 auro
975 3418 1009 3475 01
1034 3432 1086 3477 ar·

78 3501 178 3580 gente
201 3520 292 3581 vasa,
319 3498 494 3581 plurimum
516 3498 664 3565 Persicae
685 3497 801 3583 scafis,
825 3518 897 3563 xxx
923 3524 958 3549 w·
977 3520 1022 3561 zos
1045 3518 1086 3567 ex
