2444 3908
248 110 500 167 HISTORIARUM
517 110 731 166 ALEXANDRI
748 111 799 181 Ill,
820 117 860 167 10.
881 117 922 168 11.
1047 108 1089 173 21

82 257 179 320 armis
211 277 300 319 arma
331 251 514 338 pulsarent,
544 276 711 319 mucrones
747 255 782 319 in
818 276 874 319 ora
905 254 1089 338 dirigerent.

81 342 158 407 Non
187 344 314 425 timido,
345 364 412 406 non
439 343 557 426 ignavo
585 364 708 407 cessare
736 346 806 406 tum
833 343 934 406 licuit:
972 342 1089 406 collato

80 431 177 514 pede,
200 431 292 514 quasi
315 430 435 514 singuli
457 431 541 493 inter
564 452 598 493 se
621 430 822 513 dimicarent,
844 431 880 493 in
903 430 1013 495 eodem
1036 451 1090 494 ve-

82 519 179 602 stigio
212 519 356 601 stabant,
388 518 489 582 donec
520 518 675 582 vincendo
707 519 812 582 locum
844 518 906 582 sibi
937 518 1115 591 facerent„

81 605 164 670 Tum
188 607 315 670 demum
338 625 414 689 ergo
437 606 671 689 promovebant
693 606 840 690 gradum,
868 627 941 669 oum
962 605 1089 670 hostem
1108 618 1124 666 6

81 697 330 778 prostraverant.
375 693 420 756 At
451 693 523 758 illos
553 715 656 759 novus
683 693 861 776 excipiebat
888 693 1088 757 adversarius

81 782 249 865 fatigatos,
271 803 331 845 nec
353 782 524 864 vulnerati,
546 785 584 845 ut
606 781 684 845 alias
707 782 827 864 solent,
850 781 917 845 acie
939 784 1090 864 poterant

82 870 244 953 excedere,
276 891 349 934 oum
379 870 482 934 hostis
510 870 646 933 instaret
673 891 693 933 a
721 869 841 953 fronte,
873 891 892 932 a
918 871 1011 953 tergo
1040 869 1089 931 sui

37 958 242 1041 llurgerent.
287 957 470 1021 Alexander
499 979 566 1021 non
596 956 685 1021 ducis
714 956 817 1040 magis
850 979 947 1040 quam
977 956 1122 1020 militisv

78 1045 192 1108 munia
223 1046 450 1128 exequebatur,
484 1045 626 1129 opimum
653 1045 747 1108 decus
775 1065 867 1109 caeso
894 1065 970 1129 rege
997 1064 1089 1127 expe-

81 1135 170 1196 tens:
203 1134 319 1216 quippe
342 1130 467 1196 Dareus
489 1154 584 1196 curru
607 1132 752 1196 sublimis
775 1132 944 1214 eminebat,
967 1134 1000 1194 et
1023 1131 1088 1195 suis

83 1219 124 1282 ad
147 1241 180 1284 se
202 1220 356 1285 tuendum
376 1223 408 1284 et
425 1219 573 1285 hostibus
592 1220 633 1283 ad
654 1220 879 1283 incessendum
901 1219 1018 1303 ingens
1040 1219 1086 1282 in¹

56 1349 58 1353 .
83 1307 326 1375 citamentumx
341 1308 431 1392 Ergo
453 1307 552 1371 frater
575 1308 642 1371 eius
666 1307 832 1390 Oxathres,
855 1329 928 1372 cum
950 1306 1087 1371 Alexan·
1107 1321 1123 1369 8

84 1394 176 1459 drum
210 1396 333 1460 instare
365 1397 394 1458 ei
425 1399 581 1478 cerneret,
616 1396 752 1480 equites,
788 1395 903 1478 quibus
934 1398 1089 1478 praeerat,

84 1486 158 1546 ante
189 1483 294 1567 ipsum
326 1505 453 1547 currum
484 1483 570 1568 regis
598 1483 723 1547 obiecit.
775 1482 885 1547 Armis
915 1486 948 1546 et
973 1482 1089 1547 robore

84 1572 227 1653 corporis
256 1573 393 1635 multum
421 1592 516 1654 super
543 1574 664 1636 ceteros
692 1570 849 1653 eminens,
881 1571 990 1634 animo
1012 1591 1088 1634 vero

83 1661 116 1721 et
138 1659 257 1740 pietate
279 1659 314 1721 in
336 1658 447 1740 paucis
469 1658 621 1742 insignis,
652 1658 708 1723 illo
737 1658 848 1741 utique
874 1658 996 1741 proelio
1027 1658 1089 1720 cla·

83 1765 147 1827 rus,
170 1746 249 1808 alios
271 1745 438 1826 inprovide
456 1746 614 1810 instantes
628 1746 811 1828 prostravit,
835 1745 915 1810 ahos
928 1747 964 1809 in
976 1746 1089 1829 fugam

88 1831 212 1894 avertit.
252 1829 298 1893 At
320 1831 521 1914 Macedones,
542 1835 597 1913 quc'
619 1834 703 1897 circa
724 1853 833 1916 regem
856 1836 955 1916 erant,
977 1836 1123 1896 mutuae

85 1916 308 1980 adhortatione
334 1918 454 1981 firmati
480 1940 553 1982 cum
579 1920 650 2001 ipso
677 1920 712 1983 in
738 1920 881 2002 equitum
904 1939 1020 2003 agmen
1041 1920 1090 1982 in-

83 2008 245 2087 rumpunt.
282 2005 366 2068 Tum
387 2027 462 2069 vero
482 2005 595 2070 similis
613 2006 726 2070 ruinae
746 2010 870 2090 strages
889 2010 966 2069 erat.
998 2004 1091 2069 Circa

84 2114 212 2157 currum
234 2090 332 2156 Darei
358 2093 507 2157 iacebant
527 2094 719 2158 nobilissimi
741 2094 849 2176 duces,
881 2097 956 2158 anto
980 2095 1090 2158 oculos

82 2181 169 2264 regis
205 2181 335 2265 egregia
366 2184 484 2246 morte⁴
501 2182 657 2265 defuncti,
693 2203 802 2246 omnes
833 2182 867 2244 in
899 2203 956 2246 ora
987 2181 1091 2265 proni,

84 2269 167 2332 sieut
189 2268 377 2332 dimicantes
399 2270 654 2352 procubuerant,
671 2269 804 2334 adverso
827 2290 959 2353 corpora
981 2270 1090 2333 vulne·

84 2356 173 2418 ribus
201 2357 347 2439 acceptis.
367 2345 481 2424 u'Inter
506 2357 567 2421 hos
589 2356 719 2440 Atizyes
747 2361 781 2421 et
802 2356 1028 2421 Rheomithres
1058 2362 1091 2421 et
1110 2375 1143 2422 10

85 2441 231 2526 Sabaces,
253 2447 382 2527 praetor
395 2444 548 2528 Aegypti,
570 2466 761 2529 magnorum
784 2445 980 2508 exercituum
999 2465 1090 2526 prae·

83 2529 170 2612 fecti,
191 2531 448 2595 noscitabantur:
472 2534 556 2595 eirca
578 2553 632 2595 eos
656 2532 817 2594 cumulata
840 2535 932 2594 erant
947 2531 1091 2614 peditum

85 2619 290 2702 equitumque
314 2619 479 2683 obscurior
500 2617 604 2681 turba.
639 2616 852 2682 Macedonum
875 2639 1001 2702 quoque
1023 2640 1091 2682 non

84 2706 212 2789 quidem
247 2706 354 2787 multi,
391 2705 446 2778 sed
481 2705 713 2787 promptissimi
743 2709 853 2769 tamen
885 2707 968 2771 caesi
1000 2710 1090 2786 sunt:

83 2793 169 2856 inter
196 2814 276 2876 quos
298 2792 472 2856 Alexandri
500 2793 645 2857 dextrum
673 2793 778 2857 femur
803 2793 916 2857 leviter
937 2815 1090 2858 mucrone

84 2881 288 2963 perstrictum
317 2883 398 2967 est*
419 2879 549 2963 Iamque
577 2882 632 2964 qui
654 2879 794 2945 Dareum
821 2880 982 2945 vehebant
1008 2882 1089 2966 equi,
1110 2899 1140 2946 11

85 2967 227 3031 confossi
261 2968 365 3031 hastis
398 2971 430 3031 et
461 2968 569 3033 dolore
601 2969 724 3032 efferati
754 2969 865 3053 iugum
898 2973 1028 3054 quatere
1058 2975 1091 3034 et

83 3074 194 3138 regem
221 3076 315 3118 curru
338 3059 481 3119 excutere
505 3059 687 3138 coeperant:
720 3078 791 3120 cum
814 3057 868 3119 ille
891 3058 1026 3140 veritus,
1047 3080 1089 3121 ne

84 3143 176 3206 vivus
212 3143 334 3206 veniret
366 3144 401 3206 in
431 3143 572 3207 hostium
604 3147 807 3227 potestatem,
844 3145 951 3208 desilit
986 3148 1019 3208 et
1055 3147 1089 3209 in

85 3251 214 3314 equum,
243 3231 297 3314 qui
325 3231 365 3294 ad
392 3230 453 3295 hoc
479 3231 586 3311 ipsum
614 3233 818 3315 sequebatur,
847 3232 1015 3315 inponitur
1041 3233 1089 3296 in-

85 3317 231 3400 signibus
254 3340 379 3401 quoque
396 3319 531 3401 imperii,
553 3340 594 3382 ne
612 3319 723 3403 fugam
740 3320 920 3402 proderent,
942 3321 1089 3385 indecore

85 3404 227 3469 abiectis.
270 3405 353 3468 Tum
384 3427 460 3470 vero
493 3406 589 3469 ceteri
617 3408 812 3490 dissipantur
838 3411 926 3471 metu
953 3411 997 3490 et,
1027 3428 1091 3490 qua
1109 3424 1142 3476 12
1176 3432 1192 3477 z·

84 3492 198 3574 cuique
220 3492 261 3573 ad
282 3492 393 3576 fugam
411 3494 544 3577 patebat
557 3494 618 3577 via,
640 3499 812 3578 erumpunt
825 3517 914 3558 arma
926 3494 1091 3581 iacientes,
1175 3482 1192 3524 Γ
