2444 3908
133 143 154 207 2
507 144 538 208 Q.
558 143 668 198 GURTI
686 143 772 196 RUFI

132 291 242 351 menta
260 287 381 350 metiri:
406 308 439 350 se
459 286 538 350 seire
556 287 820 371 inexpugnabiles
840 307 917 369 esse,
941 285 981 348 ad
994 286 1150 351 ultimum

73 375 277 458 ’0111011010
300 375 480 438 morituros.
516 373 663 439 00101111
686 379 724 438 11
746 374 961 438 circumsideri
984 394 1090 438 arcem
1114 380 1152 438 et

135 463 243 526 omnia
267 461 328 526 sibi
349 462 385 524 in
408 461 474 525 dies
499 463 618 539 0111010
634 483 703 526 0000
717 461 873 545 viderunt,
899 461 1067 544 sexaginta
1080 460 1150 525 die·

133 572 205 613 rum
227 549 372 650 inducias
394 550 489 632 pacti,
511 553 556 631 nt,
578 548 640 613 nisi
663 550 749 613 intra
772 571 826 613 eos
848 549 1000 612 auxilium
1019 547 1150 613 Dareus

133 638 213 721 ipsis
246 638 397 719 misisset,
430 637 581 701 dederent
602 637 729 719 urbem,
761 640 932 720 postquam
961 635 1043 699 nihil
1069 636 1150 701 inde
1175 640 1180 647 '

133 725 285 808 praesidii
311 725 512 808 mittebatur,
544 724 584 788 ad
614 725 838 807 praestitutam
866 724 949 786 diem
971 723 1150 805 permisere

134 835 168 878 se
189 835 223 878 re
260 863 267 877 .

98 923 115 970 0
225 834 459 984 ξ111011011111
481 899 593 963 deinde
612 899 711 984 legati
724 898 971 964 Atheniensium
989 902 1151 985 1101011100,

134 993 171 1053 ut
194 990 279 1071 001111
301 988 387 1070 apud
401 986 574 1052 Granicum
598 1009 723 1050 amnem
746 988 952 1051 redderentur
976 987 1150 1068 0111111110

134 1099 202 1141 101
223 1077 283 1140 hos
306 1075 411 1157 modo,
435 1075 490 1138 sed
512 1076 608 1138 etiam
632 1079 753 1139 ceteros
769 1074 907 1139 Graecos
929 1074 1055 1138 restitui
1078 1076 1151 1140 suis

84 1185 116 1233 10
135 1165 297 1227 iussurum
319 1162 487 1244 respondit
501 1163 592 1225 finito
606 1161 734 1227 Persico
749 1163 842 1227 bello.
875 1160 1023 1227 Ceterum
1037 1161 1150 1228 Dareo

138 1251 318 1331 imminens,
344 1271 438 1332 quem
460 1251 603 1314 nondum
625 1250 815 1333 Euphraten
838 1272 1003 1333 superasse
1027 1271 1150 1334 eogno-

135 1341 233 1421 verat,
246 1337 386 1420 undique
401 1358 511 1400 omnes
526 1339 634 1420 copias
645 1338 817 1421 contrahit,
831 1339 909 1402 totis
924 1338 1045 1402 viribus
1059 1340 1149 1403 tanti

17 1497 24 1510 .
48 1481 64 1511 ,
134 1425 211 1488 belli
234 1425 404 1488 discrimen
427 1425 580 1488 aditurus.
653 1430 656 1435 '

83 1533 115 1580 11
223 1509 366 1596 Phrygia
389 1516 465 1595 erat,
488 1533 545 1595 per
569 1533 665 1595 quam
687 1512 861 1576 ducebatur
883 1513 1051 1595 exercituo,
1074 1514 1186 1595 plu-2

83 1601 224 1668 10111110
261 1601 347 1684 vicis„
372 1622 468 1683 quam
500 1600 632 1663 urbibus
668 1599 826 1682 frequens.
881 1599 971 1662 Tunc
1002 1598 1150 1666 habebat
1175 1625 1178 1632 ·

134 1688 275 1752 nobilem
300 1688 462 1770 quondam
484 1686 590 1750 Midae
613 1687 743 1770 regiam.
778 1685 930 1750 Gordium
953 1707 1072 1751 nomen
1096 1693 1150 1753 est

135 1775 216 1857 urbi,
240 1797 336 1858 quam
351 1773 524 1858 Sangarius
545 1775 648 1838 amnis
664 1775 869 1858 praeterfluit,
892 1775 963 1858 pari
976 1774 1148 1840 interuallo

84 1882 116 1931 13
134 1861 270 1943 Pontico
300 1866 332 1926 et
355 1861 466 1926 Cilicio
493 1863 575 1927 mari
602 1864 783 1927 distantem.
827 1861 915 1927 Inter
942 1863 1020 1926 haec
1039 1863 1149 1928 maria

135 1943 400 2036 angustissimum
414 1950 510 2015 Asiae
529 1952 670 2034 spatium
688 1973 757 2015 0000
776 1951 986 2034 conperimus,
1008 1953 1148 2032 utroque

134 2040 170 2102 in
198 2044 286 2103 artas
308 2039 416 2102 fauces
440 2040 639 2120 conpellente
662 2042 789 2101 terram.
835 2038 923 2112 Quae
947 2038 1022 2120 quia
1044 2039 1148 2101 conti-

134 2127 224 2188 nenti
247 2122 414 2207 adhae‘ret,
436 2124 491 2188 sed
514 2145 633 2207 magna
652 2147 690 2186 ex
713 2128 802 2206 parte
826 2125 964 2206 cingitur
985 2122 1148 2210 fluctibus,

136 2212 273 2294 speciem
295 2211 418 2273 insulae
441 2211 573 2292 praebet
596 2232 641 2291 ac,
664 2209 727 2272 nisi
745 2214 840 2273 tenue
857 2211 1026 2274 discrimen
1041 2211 1147 2276 obice·

83 2303 197 2382 14101,
220 2319 301 2382 quae
323 2319 409 2361 nunc
432 2297 545 2361 dividit
566 2297 676 2380 maria,
698 2297 919 2362 committeret.
951 2298 1148 2379 ,Alexander

134 2387 214 2451 urbe
241 2386 276 2451 in
304 2385 462 2450 dicionem
485 2407 575 2448 suam
597 2386 725 2449 redacta
747 2384 833 2450 Iovis
856 2387 1012 2470 templum
1034 2387 1147 2454 intrat.

135 2465 444 2559 Vehiculumsdurf
457 2471 624 2556 Gordium,
651 2473 757 2537 Midae
779 2477 903 2557 patrem
926 2478 1051 2538 vectum
1075 2496 1147 2541 esse

136 2565 314 2647 constabat,
337 2563 468 2645 aspexit,
492 2563 578 2626 cultu
600 2562 686 2626 hand
709 2583 786 2626 sane
809 2583 829 2625 a
851 2562 1016 2627 vilioribus
1034 2561 1145 2646 vulga·

84 2670 117 2718 rs
136 2651 240 2734 tisque
262 2674 324 2715 usu
346 2648 531 2715 abhorrens.
562 2648 713 2715 Notabile
737 2652 805 2713 erat
827 2650 938 2734 iugum
957 2651 1146 2717 adstrictum

136 2739 342 2820 conpluribus
364 2738 458 2802 nodis
474 2739 508 2801 in
527 2738 715 2820 semetipsos
734 2738 897 2821 inplicatis
916 2742 949 2803 et
966 2738 1146 2805 celantibus

84 2846 117 2894 10
136 2847 245 2889 nexus.
263 2825 381 2889 Incolis
401 2825 512 2888 deinde
529 2824 780 2910 adfirmantibus,
799 2827 917 2890 editam
931 2847 1000 2890 esse
1014 2828 1146 2892 oraculo

137 2917 253 2978 sortem
260 2963 269 2997 ‚
300 2913 398 2976 Asiae
428 2913 619 2996 potiturum,
651 2913 706 2996 qui
734 2913 956 2996 inexplicabile
983 2914 1146 2982 uinculum

137 3002 299 3083 solvisset,
329 3001 442 3083 cupido
465 3001 598 3065 incessit
620 3001 727 3064 animo
751 3002 847 3065 sortis
871 3001 938 3065 eius
962 3001 1146 3085 explendae.

84 3087 229 3158 1101100
257 3109 366 3172 regem
393 3091 462 3152 erat
489 3092 522 3152 et
547 3087 711 3172 Phrygum
741 3089 837 3152 turba
865 3092 898 3151 et
924 3088 1162 3177 Macedonum,-

135 3177 192 3240 illa
214 3177 433 3260 expectatione
457 3198 624 3260 suspensa,
651 3176 730 3240 haec
754 3175 891 3255 sollicita
913 3197 952 3239 ex
973 3177 1147 3244 temeraria

134 3266 220 3349 regis
243 3265 372 3329 fiducia:
396 3264 514 3348 quippe
533 3265 614 3328 serie
632 3263 830 3329 vinculorum
849 3263 896 3327 ita
914 3263 1076 3348 adstricta,
1098 3269 1146 3351 ut,

134 3353 220 3418 unde
249 3375 350 3417 nexus
377 3351 532 3435 inciperet
558 3373 660 3436 quove
686 3373 722 3416 00
744 3350 905 3434 00110101,
937 3373 996 3417 100
1018 3353 1145 3418 ratione

135 3463 195 3507 neo
221 3442 291 3508 visu
318 3441 456 3526 perspici
482 3442 609 3524 posset,
640 3440 762 3504 solvere
792 3439 960 3522 adgressus
990 3440 1146 3508 iniecerat

82 3550 116 3603 10
136 3550 245 3596 curam
265 3530 302 3612 ei,
320 3551 361 3593 ne
379 3529 414 3593 in
433 3550 527 3594 omen
545 3530 720 3592 verteretur
738 3526 863 3592 irritum
881 3527 1053 3615 inceptum.
1083 3528 1145 3595 Ille
