<?xml version="1.0" encoding="UTF-8"?>
<!DOCTYPE html PUBLIC "-//W3C//DTD XHTML 1.0 Transitional//EN"
    "http://www.w3.org/TR/xhtml1/DTD/xhtml1-transitional.dtd">
<html xmlns="http://www.w3.org/1999/xhtml" xml:lang="en" lang="en">
 <head>
  <title>
</title>
<meta http-equiv="Content-Type" content="text/html;charset=utf-8" />
  <meta name='ocr-system' content='tesseract 3.04.00' />
  <meta name='ocr-capabilities' content='ocr_page ocr_carea ocr_par ocr_line ocrx_word'/>
</head>
<body>
  <div class='ocr_page' id='page_1' title='image "./historiarumalex01rufugoog_0084.png"; bbox 0 0 2444 3908; ppageno 0'>
   <div class='ocr_carea' id='block_1_1' title="bbox 313 157 1127 230">
    <p class='ocr_par' dir='ltr' id='par_1_1' title="bbox 313 157 1127 230">
     <span class='ocr_line' id='line_1_1' title="bbox 313 157 1127 230; baseline 0.004 -17"><span class='ocrx_word' id='word_1_1' title='bbox 313 157 567 214; x_wconf 82' lang='lat' dir='ltr'><strong>HISTORIARUM</strong></span> <span class='ocrx_word' id='word_1_2' title='bbox 584 160 798 215; x_wconf 84' lang='lat' dir='ltr'><strong>ALEXANDRI</strong></span> <span class='ocrx_word' id='word_1_3' title='bbox 815 160 868 230; x_wconf 86' lang='lat' dir='ltr'>IV,</span> <span class='ocrx_word' id='word_1_4' title='bbox 888 167 912 215; x_wconf 76' lang='lat'>⁷.</span> <span class='ocrx_word' id='word_1_5' title='bbox 1086 161 1127 224; x_wconf 81' lang='lat'>51</span> 
     </span>
    </p>
   </div>
   <div class='ocr_carea' id='block_1_2' title="bbox 68 301 1221 2755">
    <p class='ocr_par' dir='ltr' id='par_1_2' title="bbox 120 301 1221 828">
     <span class='ocr_line' id='line_1_2' title="bbox 120 301 1128 390; baseline 0.001 -22"><span class='ocrx_word' id='word_1_6' title='bbox 120 304 256 390; x_wconf 85' lang='lat' dir='ltr'>proximi</span> <span class='ocrx_word' id='word_1_7' title='bbox 273 301 480 387; x_wconf 82' lang='lat' dir='ltr'>Aethiopum.</span> <span class='ocrx_word' id='word_1_8' title='bbox 520 303 560 368; x_wconf 91' lang='lat' dir='ltr'>In</span> <span class='ocrx_word' id='word_1_9' title='bbox 585 304 749 368; x_wconf 84' lang='lat' dir='ltr'>meridiem</span> <span class='ocrx_word' id='word_1_10' title='bbox 767 326 894 368; x_wconf 86' lang='lat' dir='ltr'>versam</span> <span class='ocrx_word' id='word_1_11' title='bbox 909 303 1034 369; x_wconf 81' lang='lat' dir='ltr'><strong>Arabes</strong></span> <span class='ocrx_word' id='word_1_12' title='bbox 1058 326 1128 389; x_wconf 93' lang='lat' dir='ltr'>spe-</span> 
     </span>
     <span class='ocr_line' id='line_1_3' title="bbox 121 391 1128 477; baseline -0.001 -20"><span class='ocrx_word' id='word_1_13' title='bbox 121 397 223 475; x_wconf 87' lang='lat' dir='ltr'>ctant,</span> <span class='ocrx_word' id='word_1_14' title='bbox 255 391 447 476; x_wconf 77' lang='lat' dir='ltr'>Trogodytis</span> <span class='ocrx_word' id='word_1_15' title='bbox 470 412 650 474; x_wconf 83' lang='lat' dir='ltr'>cognomen</span> <span class='ocrx_word' id='word_1_16' title='bbox 673 395 735 456; x_wconf 86' lang='lat' dir='ltr'>est:</span> <span class='ocrx_word' id='word_1_17' title='bbox 771 392 886 456; x_wconf 90' lang='lat' dir='ltr'>horum</span> <span class='ocrx_word' id='word_1_18' title='bbox 908 393 998 477; x_wconf 90' lang='lat' dir='ltr'>regio</span> <span class='ocrx_word' id='word_1_19' title='bbox 1026 415 1128 477; x_wconf 94' lang='lat' dir='ltr'>usque</span> 
     </span>
     <span class='ocr_line' id='line_1_4' title="bbox 120 479 1181 564; baseline 0.003 -19"><span class='ocrx_word' id='word_1_20' title='bbox 120 482 161 545; x_wconf 89' lang='lat' dir='ltr'>ad</span> <span class='ocrx_word' id='word_1_21' title='bbox 182 481 315 545; x_wconf 90' lang='lat' dir='ltr'>rubrum</span> <span class='ocrx_word' id='word_1_22' title='bbox 338 501 424 543; x_wconf 88' lang='lat' dir='ltr'>mare</span> <span class='ocrx_word' id='word_1_23' title='bbox 448 481 593 544; x_wconf 78' lang='lat' dir='ltr'>excurrit.</span> <span class='ocrx_word' id='word_1_24' title='bbox 638 479 683 544; x_wconf 87' lang='lat' dir='ltr'>At</span> <span class='ocrx_word' id='word_1_25' title='bbox 705 502 769 564; x_wconf 92' lang='lat' dir='ltr'>qua</span> <span class='ocrx_word' id='word_1_26' title='bbox 791 482 897 564; x_wconf 89' lang='lat' dir='ltr'>vergit</span> <span class='ocrx_word' id='word_1_27' title='bbox 920 481 960 545; x_wconf 93' lang='lat' dir='ltr'>ad</span> <span class='ocrx_word' id='word_1_28' title='bbox 984 481 1127 545; x_wconf 89' lang='lat' dir='ltr'>occiden·</span> <span class='ocrx_word' id='word_1_29' title='bbox 1149 502 1181 550; x_wconf 84' lang='grc'>16</span> 
     </span>
     <span class='ocr_line' id='line_1_5' title="bbox 120 566 1221 653; baseline 0.004 -20"><span class='ocrx_word' id='word_1_30' title='bbox 120 573 200 653; x_wconf 90' lang='lat' dir='ltr'>tem,</span> <span class='ocrx_word' id='word_1_31' title='bbox 233 568 287 632; x_wconf 92' lang='lat' dir='ltr'>alii</span> <span class='ocrx_word' id='word_1_32' title='bbox 315 566 491 650; x_wconf 74' lang='lat' dir='ltr'>Aethiopes</span> <span class='ocrx_word' id='word_1_33' title='bbox 521 569 644 651; x_wconf 90' lang='lat' dir='ltr'>colunt,</span> <span class='ocrx_word' id='word_1_34' title='bbox 676 590 755 652; x_wconf 90' lang='lat' dir='ltr'>quos</span> <span class='ocrx_word' id='word_1_35' title='bbox 784 566 909 633; x_wconf 87' lang='lat' dir='ltr'>Simuos</span> <span class='ocrx_word' id='word_1_36' title='bbox 934 573 1058 634; x_wconf 89' lang='lat' dir='ltr'>vocant.</span> <span class='ocrx_word' id='word_1_37' title='bbox 1098 569 1129 633; x_wconf 85' lang='lat' dir='ltr'><strong>A</strong></span> <span class='ocrx_word' id='word_1_38' title='bbox 1148 589 1180 639; x_wconf 91' lang='grc'>26</span> <span class='ocrx_word' id='word_1_39' title='bbox 1219 598 1221 602; x_wconf 94' lang='grc'><em>·</em></span> 
     </span>
     <span class='ocr_line' id='line_1_6' title="bbox 122 653 1130 741; baseline -0.001 -20"><span class='ocrx_word' id='word_1_40' title='bbox 122 657 337 740; x_wconf 77' lang='lat' dir='ltr'>septentrione</span> <span class='ocrx_word' id='word_1_41' title='bbox 352 653 553 720; x_wconf 85' lang='lat' dir='ltr'>Nasamones</span> <span class='ocrx_word' id='word_1_42' title='bbox 573 660 657 740; x_wconf 90' lang='lat' dir='ltr'>sunt,</span> <span class='ocrx_word' id='word_1_43' title='bbox 679 677 759 741; x_wconf 90' lang='lat' dir='ltr'>gens</span> <span class='ocrx_word' id='word_1_44' title='bbox 774 655 906 738; x_wconf 81' lang='lat' dir='ltr'>Syrtica,</span> <span class='ocrx_word' id='word_1_45' title='bbox 928 657 1130 741; x_wconf 85' lang='lat' dir='ltr'>navigiorum</span> 
     </span>
     <span class='ocr_line' id='line_1_7' title="bbox 122 745 1130 828; baseline -0.001 -19"><span class='ocrx_word' id='word_1_46' title='bbox 122 745 233 827; x_wconf 91' lang='lat' dir='ltr'>spoliis</span> <span class='ocrx_word' id='word_1_47' title='bbox 267 747 473 827; x_wconf 88' lang='lat' dir='ltr'>quaestuosa,</span> <span class='ocrx_word' id='word_1_48' title='bbox 510 745 627 828; x_wconf 89' lang='lat' dir='ltr'>quippe</span> <span class='ocrx_word' id='word_1_49' title='bbox 663 745 811 809; x_wconf 89' lang='lat' dir='ltr'>obsident</span> <span class='ocrx_word' id='word_1_50' title='bbox 846 745 944 808; x_wconf 91' lang='lat' dir='ltr'>litora</span> <span class='ocrx_word' id='word_1_51' title='bbox 975 748 1008 808; x_wconf 85' lang='lat' dir='ltr'>et</span> <span class='ocrx_word' id='word_1_52' title='bbox 1039 748 1130 808; x_wconf 89' lang='lat' dir='ltr'>aestu</span> 
     </span>
    </p>

    <p class='ocr_par' dir='ltr' id='par_1_3' title="bbox 68 831 1193 2755">
     <span class='ocr_line' id='line_1_8' title="bbox 68 831 1129 916; baseline 0.001 -21"><span class='ocrx_word' id='word_1_53' title='bbox 68 832 70 836; x_wconf 79' lang='grc'><strong>’</strong></span> <span class='ocrx_word' id='word_1_54' title='bbox 122 833 276 896; x_wconf 88' lang='lat' dir='ltr'>destituta</span> <span class='ocrx_word' id='word_1_55' title='bbox 304 832 436 916; x_wconf 87' lang='lat' dir='ltr'>navigia</span> <span class='ocrx_word' id='word_1_56' title='bbox 464 832 551 896; x_wconf 89' lang='lat' dir='ltr'>notis</span> <span class='ocrx_word' id='word_1_57' title='bbox 581 832 642 896; x_wconf 91' lang='lat' dir='ltr'>sibi</span> <span class='ocrx_word' id='word_1_58' title='bbox 672 833 762 896; x_wconf 81' lang='lat' dir='ltr'>vadis</span> <span class='ocrx_word' id='word_1_59' title='bbox 792 835 957 915; x_wconf 89' lang='lat' dir='ltr'>occupant.</span> <span class='ocrx_word' id='word_1_60' title='bbox 1000 831 1129 896; x_wconf 80' lang='lat' dir='ltr'>Incolae</span> 
     </span>
     <span class='ocr_line' id='line_1_9' title="bbox 120 918 1130 1004; baseline 0 -21"><span class='ocrx_word' id='word_1_61' title='bbox 120 921 272 1003; x_wconf 90' lang='lat' dir='ltr'>nemoris,</span> <span class='ocrx_word' id='word_1_62' title='bbox 304 941 384 1003; x_wconf 87' lang='lat' dir='ltr'>quos</span> <span class='ocrx_word' id='word_1_63' title='bbox 411 918 623 984; x_wconf 87' lang='lat' dir='ltr'>Hammonios</span> <span class='ocrx_word' id='word_1_64' title='bbox 651 923 781 1004; x_wconf 84' lang='lat' dir='ltr'>vocant,</span> <span class='ocrx_word' id='word_1_65' title='bbox 813 920 963 1003; x_wconf 89' lang='lat' dir='ltr'>dispersis</span> <span class='ocrx_word' id='word_1_66' title='bbox 992 920 1130 1004; x_wconf 85' lang='lat' dir='ltr'>tuguriis</span> 
     </span>
     <span class='ocr_line' id='line_1_10' title="bbox 121 1007 1130 1091; baseline -0.001 -19"><span class='ocrx_word' id='word_1_67' title='bbox 121 1009 284 1074; x_wconf 88' lang='lat' dir='ltr'>habitant:</span> <span class='ocrx_word' id='word_1_68' title='bbox 325 1008 466 1072; x_wconf 89' lang='lat' dir='ltr'>medium</span> <span class='ocrx_word' id='word_1_69' title='bbox 500 1029 614 1072; x_wconf 86' lang='lat' dir='ltr'>nemus</span> <span class='ocrx_word' id='word_1_70' title='bbox 647 1031 706 1091; x_wconf 91' lang='lat' dir='ltr'>pro</span> <span class='ocrx_word' id='word_1_71' title='bbox 739 1029 809 1073; x_wconf 87' lang='lat' dir='ltr'>arce</span> <span class='ocrx_word' id='word_1_72' title='bbox 846 1009 980 1091; x_wconf 90' lang='lat' dir='ltr'>habent,</span> <span class='ocrx_word' id='word_1_73' title='bbox 1011 1007 1130 1091; x_wconf 89' lang='lat' dir='ltr'>triplici</span> 
     </span>
     <span class='ocr_line' id='line_1_11' title="bbox 122 1095 1181 1178; baseline 0.005 -19"><span class='ocrx_word' id='word_1_74' title='bbox 122 1118 214 1161; x_wconf 91' lang='lat' dir='ltr'>muro</span> <span class='ocrx_word' id='word_1_75' title='bbox 241 1097 480 1161; x_wconf 72' lang='lat' dir='ltr'>circumdatum·</span> <span class='ocrx_word' id='word_1_76' title='bbox 524 1095 632 1159; x_wconf 88' lang='lat' dir='ltr'>Prima</span> <span class='ocrx_word' id='word_1_77' title='bbox 655 1096 790 1160; x_wconf 91' lang='lat' dir='ltr'>munitio</span> <span class='ocrx_word' id='word_1_78' title='bbox 813 1099 1022 1178; x_wconf 87' lang='lat' dir='ltr'>tyrannorum</span> <span class='ocrx_word' id='word_1_79' title='bbox 1044 1099 1128 1160; x_wconf 86' lang='grc'><strong>2626-</strong></span> <span class='ocrx_word' id='word_1_80' title='bbox 1148 1115 1181 1163; x_wconf 84' lang='grc'>21</span> 
     </span>
     <span class='ocr_line' id='line_1_12' title="bbox 121 1185 1130 1269; baseline -0.001 -22"><span class='ocrx_word' id='word_1_81' title='bbox 121 1192 194 1248; x_wconf 86' lang='lat' dir='ltr'>rum</span> <span class='ocrx_word' id='word_1_82' title='bbox 220 1185 341 1269; x_wconf 85' lang='lat' dir='ltr'>regiam</span> <span class='ocrx_word' id='word_1_83' title='bbox 365 1185 492 1249; x_wconf 87' lang='lat' dir='ltr'>clausit:</span> <span class='ocrx_word' id='word_1_84' title='bbox 524 1185 559 1247; x_wconf 91' lang='lat' dir='ltr'>in</span> <span class='ocrx_word' id='word_1_85' title='bbox 580 1185 726 1268; x_wconf 87' lang='lat' dir='ltr'>proxima</span> <span class='ocrx_word' id='word_1_86' title='bbox 749 1185 900 1269; x_wconf 88' lang='lat' dir='ltr'>coniuges</span> <span class='ocrx_word' id='word_1_87' title='bbox 924 1206 1034 1249; x_wconf 89' lang='lat' dir='ltr'>eorum</span> <span class='ocrx_word' id='word_1_88' title='bbox 1057 1205 1130 1248; x_wconf 88' lang='lat' dir='ltr'>cum</span> 
     </span>
     <span class='ocr_line' id='line_1_13' title="bbox 122 1272 1130 1356; baseline -0.001 -21"><span class='ocrx_word' id='word_1_89' title='bbox 122 1272 230 1336; x_wconf 90' lang='lat' dir='ltr'>liberis</span> <span class='ocrx_word' id='word_1_90' title='bbox 263 1276 295 1336; x_wconf 90' lang='lat' dir='ltr'>et</span> <span class='ocrx_word' id='word_1_91' title='bbox 322 1273 477 1356; x_wconf 89' lang='lat' dir='ltr'>pelicibus</span> <span class='ocrx_word' id='word_1_92' title='bbox 504 1272 709 1336; x_wconf 91' lang='lat' dir='ltr'>habitabant:</span> <span class='ocrx_word' id='word_1_93' title='bbox 745 1272 798 1336; x_wconf 90' lang='lat' dir='ltr'>hic</span> <span class='ocrx_word' id='word_1_94' title='bbox 830 1293 955 1355; x_wconf 93' lang='lat' dir='ltr'>quoque</span> <span class='ocrx_word' id='word_1_95' title='bbox 983 1272 1034 1335; x_wconf 87' lang='lat' dir='ltr'>dei</span> <span class='ocrx_word' id='word_1_96' title='bbox 1061 1292 1130 1334; x_wconf 90' lang='lat' dir='ltr'>ora-</span> 
     </span>
     <span class='ocr_line' id='line_1_14' title="bbox 123 1360 1130 1443; baseline -0.001 -20"><span class='ocrx_word' id='word_1_97' title='bbox 123 1361 230 1423; x_wconf 86' lang='lat' dir='ltr'>culum</span> <span class='ocrx_word' id='word_1_98' title='bbox 252 1363 314 1424; x_wconf 85' lang='lat' dir='ltr'>est:</span> <span class='ocrx_word' id='word_1_99' title='bbox 337 1361 385 1424; x_wconf 91' lang='lat' dir='ltr'>ult</span> <span class='ocrx_word' id='word_1_100' title='bbox 386 1361 451 1424; x_wconf 90' lang='lat' dir='ltr'>ima</span> <span class='ocrx_word' id='word_1_101' title='bbox 472 1361 671 1424; x_wconf 90' lang='lat' dir='ltr'>munimenta</span> <span class='ocrx_word' id='word_1_102' title='bbox 690 1361 866 1424; x_wconf 90' lang='lat' dir='ltr'>satellitum</span> <span class='ocrx_word' id='word_1_103' title='bbox 887 1360 1130 1443; x_wconf 87' lang='lat' dir='ltr'>armigerorum-</span> 
     </span>
     <span class='ocr_line' id='line_1_15' title="bbox 123 1447 1181 1530; baseline 0.006 -20"><span class='ocrx_word' id='word_1_104' title='bbox 123 1468 184 1530; x_wconf 91' lang='lat' dir='ltr'>que</span> <span class='ocrx_word' id='word_1_105' title='bbox 211 1448 300 1511; x_wconf 90' lang='lat' dir='ltr'>sedes</span> <span class='ocrx_word' id='word_1_106' title='bbox 328 1450 428 1512; x_wconf 88' lang='lat' dir='ltr'>erant.</span> <span class='ocrx_word' id='word_1_107' title='bbox 405 1447 535 1512; x_wconf 82' lang='lat' dir='ltr'>tEst</span> <span class='ocrx_word' id='word_1_108' title='bbox 562 1451 594 1511; x_wconf 91' lang='lat' dir='ltr'>et</span> <span class='ocrx_word' id='word_1_109' title='bbox 617 1449 703 1513; x_wconf 93' lang='lat' dir='ltr'>aliud</span> <span class='ocrx_word' id='word_1_110' title='bbox 724 1447 915 1513; x_wconf 89' lang='lat' dir='ltr'>Hammonis</span> <span class='ocrx_word' id='word_1_111' title='bbox 937 1469 1064 1512; x_wconf 89' lang='lat' dir='ltr'>nemus:</span> <span class='ocrx_word' id='word_1_112' title='bbox 1096 1447 1131 1510; x_wconf 88' lang='lat' dir='ltr'>in</span> <span class='ocrx_word' id='word_1_113' title='bbox 1149 1466 1181 1515; x_wconf 90' lang='grc'>22</span> 
     </span>
     <span class='ocr_line' id='line_1_16' title="bbox 122 1533 1129 1637; baseline 0 -38"><span class='ocrx_word' id='word_1_114' title='bbox 122 1535 228 1599; x_wconf 92' lang='lat' dir='ltr'>medio</span> <span class='ocrx_word' id='word_1_115' title='bbox 250 1535 349 1599; x_wconf 90' lang='lat' dir='ltr'>habet</span> <span class='ocrx_word' id='word_1_116' title='bbox 370 1537 442 1600; x_wconf 90' lang='lat' dir='ltr'>font</span> <span class='ocrx_word' id='word_1_117' title='bbox 428 1540 549 1600; x_wconf 78' lang='lat' dir='ltr'>tem-</span> <span class='ocrx_word' id='word_1_118' title='bbox 509 1533 650 1600; x_wconf 78' lang='lat' dir='ltr'>-Solis</span> <span class='ocrx_word' id='word_1_119' title='bbox 673 1558 789 1637; x_wconf 81' lang='lat' dir='ltr'>aquarn</span> <span class='ocrx_word' id='word_1_120' title='bbox 807 1539 933 1601; x_wconf 87' lang='lat' dir='ltr'>vocant.</span> <span class='ocrx_word' id='word_1_121' title='bbox 965 1533 1031 1600; x_wconf 80' lang='lat' dir='ltr'>Sub</span> <span class='ocrx_word' id='word_1_122' title='bbox 1049 1535 1129 1599; x_wconf 90' lang='lat' dir='ltr'>lueis</span> 
     </span>
     <span class='ocr_line' id='line_1_17' title="bbox 123 1614 1130 1708; baseline 0 -22"><span class='ocrx_word' id='word_1_123' title='bbox 123 1614 229 1687; x_wconf 85' lang='lat' dir='ltr'>ortum</span> <span class='ocrx_word' id='word_1_124' title='bbox 252 1623 361 1707; x_wconf 89' lang='lat' dir='ltr'>tepida</span> <span class='ocrx_word' id='word_1_125' title='bbox 378 1627 498 1705; x_wconf 86' lang='lat' dir='ltr'>manat,</span> <span class='ocrx_word' id='word_1_126' title='bbox 520 1625 625 1688; x_wconf 89' lang='lat' dir='ltr'>medio</span> <span class='ocrx_word' id='word_1_127' title='bbox 644 1624 728 1708; x_wconf 90' lang='lat' dir='ltr'>die,</span> <span class='ocrx_word' id='word_1_128' title='bbox 726 1624 814 1688; x_wconf 88' lang='lat' dir='ltr'>cuius</span> <span class='ocrx_word' id='word_1_129' title='bbox 833 1623 1130 1688; x_wconf 72' lang='lat' dir='ltr'>vehementissimus</span> 
     </span>
     <span class='ocr_line' id='line_1_18' title="bbox 123 1674 1132 1795; baseline 0.001 -22"><span class='ocrx_word' id='word_1_130' title='bbox 123 1714 189 1773; x_wconf 87' lang='grc'>662</span> <span class='ocrx_word' id='word_1_131' title='bbox 186 1712 300 1793; x_wconf 83' lang='grc'><strong>66162,</strong></span> <span class='ocrx_word' id='word_1_132' title='bbox 328 1710 446 1793; x_wconf 84' lang='lat' dir='ltr'>frigida</span> <span class='ocrx_word' id='word_1_133' title='bbox 473 1674 583 1774; x_wconf 70' lang='lat' dir='ltr'>e⁷adem</span> <span class='ocrx_word' id='word_1_134' title='bbox 609 1711 694 1795; x_wconf 88' lang='lat' dir='ltr'>fluit,</span> <span class='ocrx_word' id='word_1_135' title='bbox 725 1712 918 1776; x_wconf 90' lang='lat' dir='ltr'>inclinato</span> <span class='ocrx_word' id='word_1_136' title='bbox 908 1733 944 1774; x_wconf 90' lang='lat' dir='ltr'>m</span> <span class='ocrx_word' id='word_1_137' title='bbox 966 1732 1132 1793; x_wconf 87' lang='lat' dir='ltr'>vesperam</span> 
     </span>
     <span class='ocr_line' id='line_1_19' title="bbox 124 1797 1132 1881; baseline 0 -21"><span class='ocrx_word' id='word_1_138' title='bbox 124 1797 266 1880; x_wconf 85' lang='lat' dir='ltr'>calescit,</span> <span class='ocrx_word' id='word_1_139' title='bbox 298 1797 403 1860; x_wconf 91' lang='lat' dir='ltr'>media</span> <span class='ocrx_word' id='word_1_140' title='bbox 433 1801 527 1860; x_wconf 83' lang='lat' dir='ltr'>nocte</span> <span class='ocrx_word' id='word_1_141' title='bbox 554 1798 677 1861; x_wconf 86' lang='lat' dir='ltr'>fervida</span> <span class='ocrx_word' id='word_1_142' title='bbox 704 1802 882 1881; x_wconf 85' lang='lat' dir='ltr'>exaestuat,</span> <span class='ocrx_word' id='word_1_143' title='bbox 914 1819 1039 1880; x_wconf 89' lang='lat' dir='ltr'>quoque</span> <span class='ocrx_word' id='word_1_144' title='bbox 1065 1818 1132 1862; x_wconf 88' lang='lat' dir='ltr'>nox</span> 
     </span>
     <span class='ocr_line' id='line_1_20' title="bbox 123 1883 1131 1967; baseline 0.002 -21"><span class='ocrx_word' id='word_1_145' title='bbox 123 1884 256 1967; x_wconf 91' lang='lat' dir='ltr'>propius</span> <span class='ocrx_word' id='word_1_146' title='bbox 283 1883 388 1966; x_wconf 89' lang='lat' dir='ltr'>vergit</span> <span class='ocrx_word' id='word_1_147' title='bbox 414 1883 463 1946; x_wconf 56' lang='lat' dir='ltr'>ad&lt;</span> <span class='ocrx_word' id='word_1_148' title='bbox 480 1885 596 1965; x_wconf 93' lang='lat' dir='ltr'>lucem,</span> <span class='ocrx_word' id='word_1_149' title='bbox 624 1885 761 1948; x_wconf 92' lang='lat' dir='ltr'>multum</span> <span class='ocrx_word' id='word_1_150' title='bbox 784 1907 822 1948; x_wconf 83' lang='lat' dir='ltr'>ex</span> <span class='ocrx_word' id='word_1_151' title='bbox 844 1888 1002 1949; x_wconf 85' lang='lat' dir='ltr'>nocturno</span> <span class='ocrx_word' id='word_1_152' title='bbox 1027 1885 1131 1948; x_wconf 89' lang='lat' dir='ltr'>calore</span> 
     </span>
     <span class='ocr_line' id='line_1_21' title="bbox 125 1970 1131 2055; baseline 0 -21"><span class='ocrx_word' id='word_1_153' title='bbox 125 1971 294 2054; x_wconf 87' lang='lat' dir='ltr'>decrescit,</span> <span class='ocrx_word' id='word_1_154' title='bbox 316 1970 417 2034; x_wconf 88' lang='lat' dir='ltr'>donee</span> <span class='ocrx_word' id='word_1_155' title='bbox 440 1971 499 2034; x_wconf 91' lang='lat' dir='ltr'>sub</span> <span class='ocrx_word' id='word_1_156' title='bbox 522 1971 629 2054; x_wconf 86' lang='lat' dir='ltr'>ipsum</span> <span class='ocrx_word' id='word_1_157' title='bbox 652 1971 714 2035; x_wconf 91' lang='lat' dir='ltr'>diei</span> <span class='ocrx_word' id='word_1_158' title='bbox 737 1974 842 2035; x_wconf 88' lang='lat' dir='ltr'>ortum</span> <span class='ocrx_word' id='word_1_159' title='bbox 865 1972 998 2035; x_wconf 91' lang='lat' dir='ltr'>adsueto</span> <span class='ocrx_word' id='word_1_160' title='bbox 1020 1974 1131 2055; x_wconf 86' lang='lat' dir='ltr'>tepore</span> 
     </span>
     <span class='ocr_line' id='line_1_22' title="bbox 125 2056 1181 2142; baseline 0.006 -20"><span class='ocrx_word' id='word_1_161' title='bbox 125 2060 321 2141; x_wconf 87' lang='lat' dir='ltr'>languescat.</span> <span class='ocrx_word' id='word_1_162' title='bbox 360 2056 407 2141; x_wconf 93' lang='lat' dir='ltr'>Id,</span> <span class='ocrx_word' id='word_1_163' title='bbox 429 2060 511 2140; x_wconf 82' lang='lat' dir='ltr'>quod</span> <span class='ocrx_word' id='word_1_164' title='bbox 530 2080 589 2142; x_wconf 93' lang='lat' dir='ltr'>pro</span> <span class='ocrx_word' id='word_1_165' title='bbox 613 2058 671 2123; x_wconf 92' lang='lat' dir='ltr'>deo</span> <span class='ocrx_word' id='word_1_166' title='bbox 695 2060 817 2142; x_wconf 89' lang='lat' dir='ltr'>colitur,</span> <span class='ocrx_word' id='word_1_167' title='bbox 839 2081 906 2123; x_wconf 89' lang='lat' dir='ltr'>non</span> <span class='ocrx_word' id='word_1_168' title='bbox 928 2058 1063 2122; x_wconf 87' lang='lat' dir='ltr'>eandem</span> <span class='ocrx_word' id='word_1_169' title='bbox 1085 2060 1128 2122; x_wconf 88' lang='grc'>62·</span> <span class='ocrx_word' id='word_1_170' title='bbox 1150 2079 1181 2128; x_wconf 79' lang='grc'>26</span> 
     </span>
     <span class='ocr_line' id='line_1_23' title="bbox 123 2146 1131 2231; baseline 0.001 -22"><span class='ocrx_word' id='word_1_171' title='bbox 123 2146 232 2230; x_wconf 91' lang='lat' dir='ltr'>figiem</span> <span class='ocrx_word' id='word_1_172' title='bbox 254 2146 361 2229; x_wconf 91' lang='lat' dir='ltr'>habet,</span> <span class='ocrx_word' id='word_1_173' title='bbox 386 2167 482 2229; x_wconf 91' lang='lat' dir='ltr'>quam</span> <span class='ocrx_word' id='word_1_174' title='bbox 504 2147 601 2231; x_wconf 85' lang='lat' dir='ltr'>vulgo</span> <span class='ocrx_word' id='word_1_175' title='bbox 625 2147 685 2211; x_wconf 92' lang='lat' dir='ltr'>diis</span> <span class='ocrx_word' id='word_1_176' title='bbox 709 2147 846 2211; x_wconf 87' lang='lat' dir='ltr'>artifices</span> <span class='ocrx_word' id='word_1_177' title='bbox 875 2147 1131 2211; x_wconf 84' lang='lat' dir='ltr'>accommodave-</span> 
     </span>
     <span class='ocr_line' id='line_1_24' title="bbox 123 2235 1130 2320; baseline 0 -22"><span class='ocrx_word' id='word_1_178' title='bbox 123 2238 213 2298; x_wconf 89' lang='lat' dir='ltr'>runt:</span> <span class='ocrx_word' id='word_1_179' title='bbox 246 2235 396 2299; x_wconf 90' lang='lat' dir='ltr'>umbilico</span> <span class='ocrx_word' id='word_1_180' title='bbox 424 2235 560 2298; x_wconf 84' lang='lat' dir='ltr'>maxime</span> <span class='ocrx_word' id='word_1_181' title='bbox 588 2235 699 2299; x_wconf 89' lang='lat' dir='ltr'>similis</span> <span class='ocrx_word' id='word_1_182' title='bbox 728 2239 778 2299; x_wconf 91' lang='lat' dir='ltr'>est</span> <span class='ocrx_word' id='word_1_183' title='bbox 798 2235 937 2319; x_wconf 88' lang='lat' dir='ltr'>habitus,</span> <span class='ocrx_word' id='word_1_184' title='bbox 961 2235 1130 2320; x_wconf 81' lang='lat' dir='ltr'>smaragdo</span> 
     </span>
     <span class='ocr_line' id='line_1_25' title="bbox 124 2322 1181 2406; baseline 0.006 -22"><span class='ocrx_word' id='word_1_185' title='bbox 124 2325 158 2384; x_wconf 90' lang='lat' dir='ltr'>et</span> <span class='ocrx_word' id='word_1_186' title='bbox 180 2322 313 2405; x_wconf 91' lang='lat' dir='ltr'>gemmis</span> <span class='ocrx_word' id='word_1_187' title='bbox 336 2325 589 2406; x_wconf 85' lang='lat' dir='ltr'>coagmentatus.</span> <span class='ocrx_word' id='word_1_188' title='bbox 634 2322 741 2406; x_wconf 79' lang='lat' dir='ltr'>Hunc,</span> <span class='ocrx_word' id='word_1_189' title='bbox 771 2344 844 2387; x_wconf 87' lang='lat' dir='ltr'>cum</span> <span class='ocrx_word' id='word_1_190' title='bbox 866 2344 1055 2406; x_wconf 88' lang='lat' dir='ltr'>responsum</span> <span class='ocrx_word' id='word_1_191' title='bbox 1077 2345 1131 2405; x_wconf 92' lang='lat' dir='ltr'>pe·</span> <span class='ocrx_word' id='word_1_192' title='bbox 1150 2342 1181 2390; x_wconf 85' lang='grc'>24</span> 
     </span>
     <span class='ocr_line' id='line_1_26' title="bbox 124 2409 1130 2494; baseline 0.003 -23"><span class='ocrx_word' id='word_1_193' title='bbox 124 2409 216 2490; x_wconf 84' lang='grc'><strong>21262,</strong></span> <span class='ocrx_word' id='word_1_194' title='bbox 242 2409 371 2493; x_wconf 84' lang='lat' dir='ltr'>navigio</span> <span class='ocrx_word' id='word_1_195' title='bbox 396 2413 507 2474; x_wconf 92' lang='lat' dir='ltr'>aurato</span> <span class='ocrx_word' id='word_1_196' title='bbox 532 2413 661 2494; x_wconf 81' lang='lat' dir='ltr'>gestant</span> <span class='ocrx_word' id='word_1_197' title='bbox 683 2410 863 2475; x_wconf 83' lang='lat' dir='ltr'>sacerdotes</span> <span class='ocrx_word' id='word_1_198' title='bbox 885 2410 994 2473; x_wconf 91' lang='lat' dir='ltr'>multis</span> <span class='ocrx_word' id='word_1_199' title='bbox 1017 2431 1130 2494; x_wconf 90' lang='lat' dir='ltr'>argen-</span> 
     </span>
     <span class='ocr_line' id='line_1_27' title="bbox 124 2497 1132 2581; baseline 0.003 -23"><span class='ocrx_word' id='word_1_200' title='bbox 124 2497 185 2559; x_wconf 93' lang='lat' dir='ltr'>teis</span> <span class='ocrx_word' id='word_1_201' title='bbox 208 2498 327 2578; x_wconf 87' lang='lat' dir='ltr'>pateris</span> <span class='ocrx_word' id='word_1_202' title='bbox 350 2499 390 2561; x_wconf 94' lang='lat' dir='ltr'>ab</span> <span class='ocrx_word' id='word_1_203' title='bbox 413 2501 549 2580; x_wconf 90' lang='lat' dir='ltr'>utroque</span> <span class='ocrx_word' id='word_1_204' title='bbox 572 2497 694 2581; x_wconf 91' lang='lat' dir='ltr'>navigii</span> <span class='ocrx_word' id='word_1_205' title='bbox 715 2499 815 2561; x_wconf 91' lang='lat' dir='ltr'>latere</span> <span class='ocrx_word' id='word_1_206' title='bbox 833 2497 1061 2579; x_wconf 84' lang='lat' dir='ltr'>pendentibus:</span> <span class='ocrx_word' id='word_1_207' title='bbox 1084 2518 1132 2561; x_wconf 89' lang='lat' dir='ltr'>se-</span> 
     </span>
     <span class='ocr_line' id='line_1_28' title="bbox 125 2583 1132 2668; baseline 0.001 -21"><span class='ocrx_word' id='word_1_208' title='bbox 125 2587 266 2666; x_wconf 89' lang='lat' dir='ltr'>quuntur</span> <span class='ocrx_word' id='word_1_209' title='bbox 288 2588 453 2648; x_wconf 88' lang='lat' dir='ltr'>matronae</span> <span class='ocrx_word' id='word_1_210' title='bbox 476 2584 679 2668; x_wconf 84' lang='lat' dir='ltr'>virginesque</span> <span class='ocrx_word' id='word_1_211' title='bbox 701 2585 806 2667; x_wconf 88' lang='lat' dir='ltr'>patrio</span> <span class='ocrx_word' id='word_1_212' title='bbox 826 2599 914 2648; x_wconf 90' lang='lat' dir='ltr'>more</span> <span class='ocrx_word' id='word_1_213' title='bbox 932 2583 1132 2648; x_wconf 88' lang='lat' dir='ltr'>inconditum</span> 
     </span>
     <span class='ocr_line' id='line_1_29' title="bbox 125 2670 1193 2755; baseline 0.001 -21"><span class='ocrx_word' id='word_1_214' title='bbox 125 2670 286 2754; x_wconf 90' lang='lat' dir='ltr'>quoddam</span> <span class='ocrx_word' id='word_1_215' title='bbox 308 2692 437 2734; x_wconf 90' lang='lat' dir='ltr'>carmen</span> <span class='ocrx_word' id='word_1_216' title='bbox 460 2674 623 2754; x_wconf 89' lang='lat' dir='ltr'>canentes,</span> <span class='ocrx_word' id='word_1_217' title='bbox 652 2693 715 2754; x_wconf 91' lang='lat' dir='ltr'>quo</span> <span class='ocrx_word' id='word_1_218' title='bbox 742 2671 911 2755; x_wconf 90' lang='lat' dir='ltr'>propitiari</span> <span class='ocrx_word' id='word_1_219' title='bbox 932 2670 1042 2736; x_wconf 87' lang='lat' dir='ltr'>Iovem</span> <span class='ocrx_word' id='word_1_220' title='bbox 1064 2693 1131 2737; x_wconf 85' lang='lat' dir='ltr'>cre·</span> <span class='ocrx_word' id='word_1_221' title='bbox 1181 2712 1193 2735; x_wconf 92' lang='lat'>.-.</span> 
     </span>
    </p>
   </div>
   <div class='ocr_carea' id='block_1_3' title="bbox 71 2756 1164 3109">
    <p class='ocr_par' dir='ltr' id='par_1_4' title="bbox 71 2756 1164 3109">
     <span class='ocr_line' id='line_1_30' title="bbox 71 2756 1164 2849; baseline 0.004 -28"><span class='ocrx_word' id='word_1_222' title='bbox 71 2756 216 2840; x_wconf 74' lang='lat' dir='ltr'>endunt,</span> <span class='ocrx_word' id='word_1_223' title='bbox 237 2762 275 2822; x_wconf 90' lang='lat' dir='ltr'>ut</span> <span class='ocrx_word' id='word_1_224' title='bbox 297 2762 419 2823; x_wconf 88' lang='lat' dir='ltr'>certum</span> <span class='ocrx_word' id='word_1_225' title='bbox 441 2759 515 2822; x_wconf 88' lang='lat' dir='ltr'>edat</span> <span class='ocrx_word' id='word_1_226' title='bbox 534 2760 705 2823; x_wconf 91' lang='lat' dir='ltr'>oraculum.</span> <span class='ocrx_word' id='word_1_227' title='bbox 735 2760 784 2823; x_wconf 83' lang='lat' dir='ltr'>Ac</span> <span class='ocrx_word' id='word_1_228' title='bbox 797 2763 867 2824; x_wconf 93' lang='lat' dir='ltr'>tum</span> <span class='ocrx_word' id='word_1_229' title='bbox 880 2759 1008 2844; x_wconf 90' lang='lat' dir='ltr'>quidem</span> <span class='ocrx_word' id='word_1_230' title='bbox 1021 2781 1164 2849; x_wconf 47' lang='lat' dir='ltr'>regem„</span> 
     </span>
     <span class='ocr_line' id='line_1_31' title="bbox 126 2840 1157 2928; baseline 0.007 -20"><span class='ocrx_word' id='word_1_231' title='bbox 126 2846 257 2928; x_wconf 89' lang='lat' dir='ltr'>propius</span> <span class='ocrx_word' id='word_1_232' title='bbox 281 2846 451 2909; x_wconf 90' lang='lat' dir='ltr'>adeuntem</span> <span class='ocrx_word' id='word_1_233' title='bbox 474 2847 630 2910; x_wconf 85' lang='lat' dir='ltr'>maximus</span> <span class='ocrx_word' id='word_1_234' title='bbox 652 2850 731 2911; x_wconf 92' lang='lat' dir='ltr'>natu</span> <span class='ocrx_word' id='word_1_235' title='bbox 754 2869 771 2911; x_wconf 87' lang='grc'>6</span> <span class='ocrx_word' id='word_1_236' title='bbox 794 2847 1012 2912; x_wconf 88' lang='lat' dir='ltr'>sacerdotibus</span> <span class='ocrx_word' id='word_1_237' title='bbox 1030 2840 1157 2915; x_wconf 77' lang='lat' dir='ltr'>filium</span> 
     </span>
     <span class='ocr_line' id='line_1_32' title="bbox 127 2932 1129 3035; baseline 0.011 -40"><span class='ocrx_word' id='word_1_238' title='bbox 127 2932 280 3015; x_wconf 92' lang='lat' dir='ltr'>appellat,</span> <span class='ocrx_word' id='word_1_239' title='bbox 306 2933 368 2996; x_wconf 90' lang='lat' dir='ltr'>hoc</span> <span class='ocrx_word' id='word_1_240' title='bbox 395 2954 512 2996; x_wconf 90' lang='lat' dir='ltr'>nomen</span> <span class='ocrx_word' id='word_1_241' title='bbox 534 2934 582 2996; x_wconf 93' lang='grc'><strong>1111</strong></span> <span class='ocrx_word' id='word_1_242' title='bbox 604 2938 770 3035; x_wconf 83' lang='lat' dir='ltr'>parentem</span> <span class='ocrx_word' id='word_1_243' title='bbox 792 2934 902 3000; x_wconf 83' lang='lat' dir='ltr'>lovem</span> <span class='ocrx_word' id='word_1_244' title='bbox 923 2934 1129 3005; x_wconf 69' lang='lat' dir='ltr'>reddere</span> 
     </span>
     <span class='ocr_line' id='line_1_33' title="bbox 126 3019 1037 3109; baseline 0.006 -27"><span class='ocrx_word' id='word_1_245' title='bbox 126 3019 268 3083; x_wconf 89' lang='lat' dir='ltr'>firmans.</span> <span class='ocrx_word' id='word_1_246' title='bbox 316 3020 375 3083; x_wconf 91' lang='lat' dir='ltr'>Ille</span> <span class='ocrx_word' id='word_1_247' title='bbox 406 3041 439 3084; x_wconf 92' lang='lat' dir='ltr'>se</span> <span class='ocrx_word' id='word_1_248' title='bbox 466 3042 542 3086; x_wconf 82' lang='lat' dir='ltr'>vero</span> <span class='ocrx_word' id='word_1_249' title='bbox 570 3025 602 3085; x_wconf 93' lang='lat' dir='ltr'>et</span> <span class='ocrx_word' id='word_1_250' title='bbox 628 3023 769 3106; x_wconf 86' lang='lat' dir='ltr'>accipere</span> <span class='ocrx_word' id='word_1_251' title='bbox 797 3023 843 3087; x_wconf 89' lang='lat' dir='ltr'>ait</span> <span class='ocrx_word' id='word_1_252' title='bbox 870 3026 903 3086; x_wconf 92' lang='grc'>62</span> <span class='ocrx_word' id='word_1_253' title='bbox 929 3020 1037 3109; x_wconf 88' lang='lat' dir='ltr'>adgn</span> 
     </span>
    </p>
   </div>
   <div class='ocr_carea' id='block_1_4' title="bbox 125 3107 1128 3368">
    <p class='ocr_par' dir='ltr' id='par_1_5' title="bbox 125 3107 1118 3366">
     <span class='ocr_line' id='line_1_34' title="bbox 125 3107 1009 3194; baseline 0.005 -23"><span class='ocrx_word' id='word_1_254' title='bbox 125 3107 284 3171; x_wconf 90' lang='lat' dir='ltr'>humanae</span> <span class='ocrx_word' id='word_1_255' title='bbox 316 3109 411 3171; x_wconf 88' lang='lat' dir='ltr'>sortis</span> <span class='ocrx_word' id='word_1_256' title='bbox 444 3109 570 3173; x_wconf 88' lang='lat' dir='ltr'>oblitus.</span> <span class='ocrx_word' id='word_1_257' title='bbox 615 3107 785 3174; x_wconf 83' lang='lat' dir='ltr'>Consuluit</span> <span class='ocrx_word' id='word_1_258' title='bbox 810 3111 936 3194; x_wconf 89' lang='lat' dir='ltr'>deinde,</span> <span class='ocrx_word' id='word_1_259' title='bbox 965 3131 1009 3175; x_wconf 87' lang='lat' dir='ltr'>an</span> 
     </span>
     <span class='ocr_line' id='line_1_35' title="bbox 126 3195 1068 3283; baseline 0.004 -24"><span class='ocrx_word' id='word_1_260' title='bbox 126 3195 251 3259; x_wconf 88' lang='lat' dir='ltr'>orbis</span> <span class='ocrx_word' id='word_1_261' title='bbox 242 3196 411 3279; x_wconf 84' lang='lat' dir='ltr'>rmperium</span> <span class='ocrx_word' id='word_1_262' title='bbox 441 3196 498 3260; x_wconf 83' lang='grc'>262</span> <span class='ocrx_word' id='word_1_263' title='bbox 474 3200 517 3261; x_wconf 87' lang='lat' dir='ltr'>trs</span> <span class='ocrx_word' id='word_1_264' title='bbox 545 3197 605 3260; x_wconf 88' lang='lat' dir='ltr'>sibi</span> <span class='ocrx_word' id='word_1_265' title='bbox 629 3197 707 3260; x_wconf 86' lang='grc'><strong>(1662</strong></span> <span class='ocrx_word' id='word_1_266' title='bbox 684 3201 802 3262; x_wconf 90' lang='lat' dir='ltr'>ttmare</span> <span class='ocrx_word' id='word_1_267' title='bbox 803 3220 849 3262; x_wconf 90' lang='lat' dir='ltr'>ur.</span> <span class='ocrx_word' id='word_1_268' title='bbox 893 3197 1068 3283; x_wconf 86' lang='lat' dir='ltr'>Vatesqne,</span> 
     </span>
     <span class='ocr_line' id='line_1_36' title="bbox 127 3282 1128 3368; baseline 0.002 -23"><span class='ocrx_word' id='word_1_269' title='bbox 127 3282 343 3347; x_wconf 89' lang='lat' dir='ltr'>adulationem</span> <span class='ocrx_word' id='word_1_270' title='bbox 378 3285 579 3368; x_wconf 88' lang='lat' dir='ltr'>conpositus,</span> <span class='ocrx_word' id='word_1_271' title='bbox 614 3288 771 3349; x_wconf 90' lang='lat' dir='ltr'>terrarum</span> <span class='ocrx_word' id='word_1_272' title='bbox 804 3286 946 3350; x_wconf 88' lang='lat' dir='ltr'>omnium</span> <span class='ocrx_word' id='word_1_273' title='bbox 976 3289 1128 3351; x_wconf 73' lang='lat' dir='ltr'>rectores</span> 
     </span>
    </p>
   </div>
   <div class='ocr_carea' id='block_1_5' title="bbox 124 3335 1084 3664">
    <p class='ocr_par' dir='ltr' id='par_1_6' title="bbox 124 3335 1084 3631">
     <span class='ocr_line' id='line_1_37' title="bbox 125 3335 1084 3457; baseline 0.001 -24"><span class='ocrx_word' id='word_1_274' title='bbox 125 3369 196 3433; x_wconf 88' lang='lat' dir='ltr'>fore</span> <span class='ocrx_word' id='word_1_275' title='bbox 218 3374 269 3435; x_wconf 88' lang='lat' dir='ltr'>ost</span> <span class='ocrx_word' id='word_1_276' title='bbox 254 3371 366 3435; x_wconf 89' lang='lat' dir='ltr'>tendit.</span> <span class='ocrx_word' id='word_1_277' title='bbox 410 3370 490 3436; x_wconf 93' lang='lat' dir='ltr'>Post</span> <span class='ocrx_word' id='word_1_278' title='bbox 510 3335 621 3436; x_wconf 74' lang='lat' dir='ltr'>haeb</span> <span class='ocrx_word' id='word_1_279' title='bbox 611 3395 662 3436; x_wconf 90' lang='lat' dir='ltr'>ms</span> <span class='ocrx_word' id='word_1_280' title='bbox 663 3373 730 3436; x_wconf 88' lang='grc'><strong>21212</strong></span> <span class='ocrx_word' id='word_1_281' title='bbox 756 3394 920 3457; x_wconf 88' lang='lat' dir='ltr'>quaerere,</span> <span class='ocrx_word' id='word_1_282' title='bbox 951 3394 995 3439; x_wconf 85' lang='lat' dir='ltr'>an</span> <span class='ocrx_word' id='word_1_283' title='bbox 1020 3394 1084 3437; x_wconf 79' lang='lat' dir='ltr'>omi</span> 
     </span>
     <span class='ocr_line' id='line_1_38' title="bbox 126 3456 1072 3542; baseline 0 -21"><span class='ocrx_word' id='word_1_284' title='bbox 126 3459 269 3540; x_wconf 87' lang='lat' dir='ltr'>parentis</span> <span class='ocrx_word' id='word_1_285' title='bbox 295 3459 345 3523; x_wconf 89' lang='lat' dir='ltr'>sui</span> <span class='ocrx_word' id='word_1_286' title='bbox 371 3460 421 3522; x_wconf 91' lang='lat' dir='ltr'>int</span> <span class='ocrx_word' id='word_1_287' title='bbox 407 3459 520 3522; x_wconf 87' lang='lat' dir='ltr'>tterfee</span> <span class='ocrx_word' id='word_1_288' title='bbox 506 3462 591 3524; x_wconf 87' lang='lat' dir='ltr'>tores</span> <span class='ocrx_word' id='word_1_289' title='bbox 620 3481 740 3542; x_wconf 89' lang='lat' dir='ltr'>poenas</span> <span class='ocrx_word' id='word_1_290' title='bbox 763 3461 934 3527; x_wconf 90' lang='lat' dir='ltr'>dedissent</span> <span class='ocrx_word' id='word_1_291' title='bbox 977 3456 1072 3525; x_wconf 76' lang='lat' dir='ltr'>Sacer</span> 
     </span>
     <span class='ocr_line' id='line_1_39' title="bbox 124 3546 1075 3664; baseline 0.006 -57"><span class='ocrx_word' id='word_1_292' title='bbox 124 3548 293 3630; x_wconf 89' lang='lat' dir='ltr'>parentem</span> <span class='ocrx_word' id='word_1_293' title='bbox 320 3546 386 3615; x_wconf 84' lang='lat' dir='ltr'>eius</span> <span class='ocrx_word' id='word_1_294' title='bbox 413 3551 512 3630; x_wconf 88' lang='lat' dir='ltr'>negat</span> <span class='ocrx_word' id='word_1_295' title='bbox 538 3547 634 3612; x_wconf 90' lang='lat' dir='ltr'>ullius</span> <span class='ocrx_word' id='word_1_296' title='bbox 657 3549 773 3612; x_wconf 87' lang='lat' dir='ltr'>scelere</span> <span class='ocrx_word' id='word_1_297' title='bbox 794 3568 890 3631; x_wconf 84' lang='lat' dir='ltr'>posse</span> <span class='ocrx_word' id='word_1_298' title='bbox 912 3546 1075 3664; x_wconf 63' lang='grc'><strong>21616211</strong></span> 
     </span>
    </p>
   </div>
   <div class='ocr_carea' id='block_1_6' title="bbox 0 0 1233 3908">
    <p class='ocr_par' dir='ltr' id='par_1_7' title="bbox 0 0 1233 3908">
     <span class='ocr_line' id='line_1_40' title="bbox 0 0 1233 3908; baseline 0 0"><span class='ocrx_word' id='word_1_299' title='bbox 0 0 1233 3908; x_wconf 95' lang='lat' dir='ltr'> </span> 
     </span>
    </p>
   </div>
  </div>
 </body>
</html>
