2444 3908
285 107 536 164 HISTORIARUM
554 107 768 163 ALEXANDRI
785 109 839 178 Ill,
859 114 899 166 11.
920 116 960 166 12.
1084 108 1127 173 23

120 252 249 317 lieentia
270 256 450 336 vagaretur.
481 252 572 316 Tune
593 274 669 318 vcro
692 252 870 336 inpotentis
888 252 1036 316 fortunae
1055 274 1126 336 spe·
1144 271 1181 325 23

122 340 184 404 cies
207 340 348 423 conspici
370 340 488 423 potuit,
517 361 590 403 eum
611 340 647 424 ii,
678 340 732 423 qui
755 338 858 404 Dareo
883 340 1127 404 tabernaculum

122 430 360 511 exornaverant,
383 427 470 491 omni
482 429 559 491 luxu
574 430 607 491 et
624 428 786 511 opulentia
803 428 1002 511 instructum,
1017 427 1128 491 eadem

121 515 176 579 illa
189 515 381 599 Alexandro,
404 515 496 598 quasi
510 515 610 578 veteri
624 515 762 598 domino,
782 516 997 580 reservabant
1028 514 1126 579 Narn-

123 624 182 685 que
208 603 241 666 id
269 604 373 667 solum
400 602 557 666 intactum
585 565 762 666 omiserant
788 602 872 666 milit
858 607 944 666 tes1
936 603 979 666 'ta
945 602 1126 667 ttradito

122 712 224 774 more,
255 694 291 753 ut
318 691 472 754 victorem
499 689 576 755 victi
597 690 682 774 regis
705 690 912 754 tabernaculo
936 690 1159 781 ΙΧΙΙΡΙΙΙΙΙΙ..Ι
1135 716 1218 757 ares

66 775 184 845 resec
216 778 357 842 omnium
388 778 498 842 oculos
530 778 717 859 animosque
746 778 783 840 in
814 780 915 841 semet
947 781 1127 841 averterant
1144 764 1182 839 '24

92 1033 94 1037 y
123 862 750 1036 talitatisttttttttt,
764 865 1128 1035 htttttttll

122 1039 232 1104 tudine
253 1061 295 1104 ne
327 1040 384 1103 illa
415 1040 542 1124 quidem
566 1043 651 1105 sorte
675 1043 852 1123 corruptae.
896 1038 1072 1123 Receperat
1094 1039 1128 1102 in

122 1127 228 1190 sinum
249 1128 351 1190 filium
372 1127 516 1191 nondum
540 1130 665 1191 sextum
688 1149 808 1190 annum
827 1127 941 1190 aetatis
956 1148 1128 1211 egressum,

122 1214 160 1277 in
190 1235 277 1298 spem
309 1218 419 1278 tantae
447 1214 610 1299 fortunae,
637 1218 791 1298 quantam
818 1216 909 1297 pater
936 1214 1003 1278 eius
1030 1214 1127 1297 paulo

121 1305 196 1365 ante
219 1302 378 1384 amiserat,
400 1301 554 1386 genitum.
597 1301 643 1365 At
663 1302 699 1365 in
721 1302 843 1387 gremio
865 1322 947 1373 ,anus
971 1302 1060 1365 aviae
1082 1301 1127 1365 ia·
1146 1308 1183 1361 25

121 1389 237 1452 cebant
268 1388 395 1453 adultae
427 1389 508 1453 duae
539 1389 695 1474 virgines,
723 1409 790 1453 non
818 1410 876 1453 suo
903 1390 1044 1472 tantum,
1072 1387 1128 1453 sed

122 1476 219 1539 etiam
241 1476 327 1540 illius
350 1498 493 1541 maerore
517 1477 690 1541 confectae.
726 1475 847 1560 Ingens
876 1476 960 1540 cirea
983 1497 1054 1539 eam
1071 1496 1128 1540 110·

122 1563 234 1627 bilium
263 1562 455 1628 feminarum
481 1565 577 1630 turba
605 1564 794 1629 constiterat
814 1562 963 1627 laceratis
986 1563 1128 1627 crinibus

120 1651 326 1734 abscissaque
348 1655 445 1736 veste,
470 1652 598 1735 pristini
620 1651 743 1715 decoris
765 1651 976 1732 immemores,
998 1651 1127 1734 reginas

121 1738 330 1821 dominasque
352 1739 436 1802 veris
455 1739 626 1822 quondam,
648 1741 726 1802 tune
744 1737 857 1802 alienis
875 1737 1061 1802 nominibus
1080 1737 1128 1800 in-

124 1826 283 1887 vocantes.
319 1823 398 1887 Illae
422 1845 498 1889 suae
522 1826 715 1888 calamitatis
739 1825 867 1908 oblitae,
887 1825 923 1888 in
940 1827 1014 1889 utro
1028 1846 1128 1889 cornu
1147 1836 1181 1884 26

124 1908 248 1974 Dareus
264 1910 414 1995 stetisset,
437 1931 518 1994 quae
531 1910 662 1975 fortuna
676 1911 867 1974 discriminis
880 1911 1003 1993 fuisset,
1025 1912 1129 1992 requi-

123 1998 251 2062 rebant:
274 1999 440 2082 negabant
462 2019 495 2062 se
519 2001 639 2081 captas,
662 1998 690 2061 si
711 1997 832 2061 viveret
853 2018 918 2061 rex.
954 1995 1016 2061 Sed
1037 1998 1129 2061 illum

122 2107 222 2169 equos
245 2085 381 2150 subinde
402 2088 581 2150 mutantem
603 2085 731 2169 longius
753 2085 834 2168 fuga
857 2084 1042 2149 abstulerat.

209 2171 250 2236 In
273 2173 340 2236 acie
363 2177 471 2237 autem
488 2195 581 2237 caesa
599 2177 675 2237 sunt
688 2172 860 2236 Persarum
877 2171 1020 2255 peditum
1038 2172 1128 2237 crn'i-
1148 2183 1181 2231 ΙΙ

122 2261 180 2343 lia,
202 2260 311 2325 decem
334 2262 485 2344 equitum.
531 2259 576 2325 At
604 2283 624 2324 a
652 2263 743 2343 parte
766 2258 942 2322 Alexandri
970 2259 1010 2322 ad
1038 2262 1128 2342 quat

123 2350 198 2411 tuor
225 2348 316 2412 melre
343 2347 512 2433 quingenti
543 2347 642 2412 saucii
668 2348 771 2430 fuere,
803 2368 842 2411 ex
873 2346 1034 2431 peditibus
1067 2362 1129 2412 ccc

125 2434 255 2498 omnino
279 2438 311 2498 et
333 2435 396 2499 duo
419 2434 590 2499 desiderati
613 2439 697 2518 sunt,
720 2433 864 2516 equitum
886 2437 1014 2496 eentum
1038 2434 1129 2516 quin·

124 2522 279 2605 quaginta
304 2522 473 2586 interfecti
517 2520 656 2586 Tantulo
684 2520 836 2603 inpendio
859 2519 973 2603 ingens
995 2520 1130 2584 victoria

125 2609 272 2693 stetitq-

538 2761 616 2828 (ΙΙΙ).
638 2761 709 2827 ΧΠ.

71 2871 116 2937 30
212 2870 281 2935 Rex
303 2870 432 2953 quidem
451 2867 591 2933 Dareum
613 2868 832 2953 persequendo
854 2867 1020 2953 fatigatus,
1042 2870 1130 2952 pose
1149 2888 1164 2937 1

126 2978 222 3057 quam
245 2960 278 3021 et
299 2980 365 3023 nox
387 2956 483 3041 adpet
468 2956 559 3021 tebat
581 2960 614 3021 et
631 2956 850 3057 consequendi
871 2976 945 3041 spes
966 2977 1035 3022 non
1052 2956 1131 3057 erat,

123 3045 160 3107 in
187 3047 293 3108 castra
319 3044 415 3145 paulo
443 3047 517 3108 ante
544 3065 565 3108 a
591 3044 656 3109 suis
679 3047 776 3145 capta
795 3042 951 3129 pervenit.
995 3042 1165 3111 Invitam

124 3131 239 3196 deinde
276 3132 414 3215 amieos,
458 3131 574 3218 quibus
609 3131 747 3196 maxime
782 3130 985 3215 adsueverat,
1029 3130 1132 3215 iussit,

124 3219 242 3303 quippe
279 3241 403 3284 summa
435 3220 603 3284 dumtaxat
633 3218 756 3283 cutis
745 3240 782 3283 1n
811 3218 932 3283 femine
961 3216 1131 3301 perstricta

123 3327 189 3369 non
207 3307 420 3407 ’prohibebat
454 3308 609 3371 interesse
640 3305 799 3371 convivio:
840 3328 913 3371 cum
943 3307 1076 3387 repente
1112 3324 1164 3373 ca

123 3394 269 3475 proximo
295 3395 504 3461 tabernaculo
530 3392 676 3478 lugubris
702 3392 823 3458 clamor
844 3392 983 3457 barbaro
1006 3390 1131 3455 ululatu

123 3480 318 3566 planctuque
352 3483 529 3567 permixtus
563 3480 732 3566 epulantes
762 3484 898 3547 contri
895 3480 947 3541 ·.·Ι.
1008 3475 1130 3543 Cohors
