2444 3908
168 167 212 230 20
540 167 571 231 Q.
592 166 700 222 CURTI
718 167 804 222 RUFI

169 310 369 393 domitaeque
396 331 499 393 nuper
512 309 666 376 Boeotiae
689 315 722 375 et
743 312 831 375 urbis
849 313 884 375 in
902 334 940 376 ea
956 313 1181 380 nobilissimae

168 397 208 460 ad
232 398 335 460 solum
359 397 482 461 dirutae
501 400 622 482 species
641 401 940 482 repraesentabatur
954 401 1077 464 animis.
1104 401 1181 467 Iam

168 483 341 548 Granicum
369 506 507 568 amnem,
539 490 590 550 tot
620 487 715 551 urbes
743 491 799 550 aut
825 492 1024 572 expugnatas
1056 492 1115 552 aut
1141 491 1181 554 in

166 572 261 635 fidem
285 576 439 656 acceptas,
463 574 579 658 omnia,
603 596 809 658 quaecunque
831 578 906 656 post
927 580 1055 658 tergum
1073 582 1181 662 erant,

133 664 270 727 astrata
298 662 486 744 etpedibus
509 662 652 743 ipsorum
676 663 819 727 subiecta
841 663 1047 726 memorabat.
1093 662 1181 728 Cum

167 749 290 813 adierat
317 748 470 832 Graecos,
502 750 708 833 admonebat,
740 751 781 813 ab
812 750 863 813 his
895 750 1043 834 gentibus
1072 751 1183 817 inlata

167 835 319 901 Graeciae
346 838 431 900 bella
457 835 554 900 Darei
581 837 683 921 prius,
711 838 823 901 deinde
848 836 962 902 Xerxis
990 838 1181 925 insolentia,

167 947 283 1008 aquam
320 926 408 1007 ipsos
438 928 620 1009 terramque
651 926 865 1008 poscentium,
901 927 938 989 ut
968 947 1071 1008 neque
1103 927 1181 992 fon-

165 1013 247 1076 tium
279 1012 430 1075 haustum
462 1033 521 1075 neo
552 1014 663 1077 solitos
691 1014 779 1077 cibos
805 1013 1023 1096 relinquerent
1050 1013 1182 1081 deditis.

132 1099 218 1166 9Ab
249 1100 301 1163 his
332 1099 454 1182 templa
482 1100 583 1163 minis
612 1103 644 1163 et
669 1101 798 1184 ignibus
829 1122 897 1164 esse
928 1100 1044 1184 deleta,
1078 1104 1182 1168 urbes

166 1208 275 1250 eorum
299 1190 507 1270 expugnatas,
529 1187 658 1250 foedera
676 1189 775 1251 divini
793 1188 987 1271 humanique
1009 1188 1087 1251 iuris
1109 1192 1181 1256 vio-

115 1293 147 1340 10
165 1274 232 1336 lata
254 1272 421 1336 referebat.
465 1273 592 1357 Illyrios
614 1296 690 1338 vero
713 1280 746 1338 et
768 1276 935 1358 Thracas„
951 1279 1044 1358 rapto
1067 1276 1181 1343 vivere

166 1361 329 1438 adsuetos,
362 1361 462 1424 aciem
494 1361 635 1425 hostium
666 1384 743 1426 auro
766 1383 971 1445 purpuraque
994 1363 1181 1447 fulgentem

164 1448 282 1511 intueri
304 1447 448 1530 iubebat,
476 1449 641 1533 praedam,
663 1471 730 1513 non
753 1471 842 1512 arma
865 1452 1060 1532 gestantem:
1089 1452 1181 1518 irent

165 1539 198 1598 et
219 1535 392 1623 inbellibus
414 1536 543 1599 feminis
562 1559 675 1600 aurum
690 1537 751 1599 viri
765 1538 931 1620 eriperent,
954 1558 1069 1620 aspera
1082 1561 1179 1604 mon·

164 1624 246 1686 tium
269 1644 399 1686 suorum
421 1624 499 1707 iuga
521 1624 687 1707 nudasque
706 1624 803 1687 calles
817 1628 850 1687 et
863 1628 1017 1707 perpetuo
1031 1626 1180 1709 rigentes

88 1716 116 1750 θ
165 1712 239 1793 gelu
263 1710 381 1775 ditibus
404 1711 574 1775 Persarum
597 1712 718 1795 campis
741 1712 889 1796 agrisque
912 1716 1083 1777 mutarent.

594 1867 671 1935 Gne.
693 1869 749 1936 XI.

132 1993 144 2040 1
253 1975 323 2040 Iam
352 1976 391 2039 ad
419 1976 476 2038 teli
503 1976 621 2039 iactum
649 1978 875 2058 pervenerant,
907 1997 978 2038 cum
1000 1973 1177 2041 Persarum
1189 1979 1222 2043 22

142 2069 145 2072 ’
165 2062 287 2145 equites
309 2063 457 2126 ferociter
479 2063 514 2125 in
531 2064 658 2125 laevum
676 2085 776 2127 cornu
792 2063 935 2126 hostium
953 2062 1070 2125 invecti
1084 2068 1178 2128 sunt:

165 2151 283 2232 quippe
297 2147 421 2212 Dareus
441 2150 580 2231 equestri
602 2150 722 2231 proelio
742 2151 910 2213 decernere
930 2148 1071 2231 optabat,
1094 2149 1177 2233 pha-

163 2238 293 2319 langem
324 2234 522 2299 Macedonici
559 2236 715 2299 exercitus
746 2237 844 2300 robur
876 2257 945 2300 esse
977 2236 1177 2305 coniectans.

164 2322 296 2406 Iamque
324 2324 420 2387 etiam
447 2322 591 2386 dextrum
614 2322 789 2387 Alexandri
816 2345 915 2387 cornu
938 2323 1176 2392 circumibatur.

131 2410 258 2487 aQuod
285 2412 340 2476 ubi
363 2410 495 2475 Macedo
524 2410 701 2494 conspexit,
731 2411 853 2475 duabus
881 2412 941 2475 alis
965 2411 1108 2494 equitum
1133 2415 1177 2478 ad

165 2501 277 2583 iugum
313 2499 432 2563 montis
464 2499 558 2562 iussis
588 2498 773 2582 subsistere,
812 2503 933 2563 ceteros
965 2500 1000 2562 in
1031 2499 1176 2573 medium

130 2605 146 2653 3
166 2588 241 2650 belli
265 2587 432 2650 discrimen
456 2589 583 2650 strenue
605 2586 766 2651 transfert.
803 2585 973 2651 Subductis
997 2585 1110 2650 deinde
1134 2610 1177 2653 ex
1209 2655 1212 2663 ,

166 2675 232 2736 9919
256 2673 418 2738 Thessalis
441 2674 601 2758 equitibus
623 2674 820 2759 praefectum
843 2697 953 2739 eorum
971 2674 1093 2738 occulte
1112 2675 1177 2739 cir·

166 2760 283 2823 cumire
310 2763 437 2844 tergum
461 2783 591 2825 suorum
618 2763 707 2826 iubet
728 2762 996 2845 Parmenionique
1019 2761 1177 2847 coniungi

130 2851 210 2930 let,
244 2847 329 2931 quod
360 2848 388 2909 is
420 2849 621 2931 imperasset,
651 2850 777 2933 inpigre
806 2851 926 2932 exequi.
969 2847 1101 2930 Iamque
1123 2849 1200 2914 in·'

165 2935 254 2999 missi
276 2936 312 2998 in
334 2935 475 2997 medium
487 2934 657 2998 Persarum
678 2936 818 3020 undique
842 2932 1023 3000 circumfusi
1044 2938 1176 3020 egregie

164 3043 262 3104 repam
297 3022 482 3105 tuebantur,
520 3022 573 3086 sed
607 3023 743 3086 conferti
775 3027 808 3086 et
840 3024 932 3107 quasi
963 3023 1175 3090 cohaerentes

164 3113 229 3173 1919
261 3110 387 3174 vibrare
419 3130 486 3173 non
517 3113 681 3192 poterant:
725 3111 819 3172 simul
851 3113 944 3173 erant
975 3110 1105 3192 emissa,
1137 3111 1176 3176 in

164 3196 293 3261 eosdem
332 3198 554 3261 concurrentia
589 3197 824 3281 inplicabantur
858 3197 983 3279 levique
1020 3199 1052 3258 91
1087 3218 1175 3265 vano

163 3285 230 3348 ictu
253 3306 356 3367 pauca
377 3285 411 3347 in
432 3284 572 3368 hostem,
601 3287 694 3367 plura
715 3284 750 3348 in
771 3284 903 3347 humum
926 3283 1057 3347 innoxia
1080 3287 1174 3351 cade-

164 3373 253 3437 bant.
297 3372 386 3456 Ergo
416 3372 592 3436 comminus
619 3393 761 3456 pugnam
791 3370 893 3435 coacti
916 3392 1080 3436 conserere
1104 3374 1174 3458 gla-

129 3461 234 3530 51199
260 3461 387 3545 inpigre
416 3461 602 3545 stringunt*
629 3458 710 3525 Tum
736 3481 812 3524 vero
841 3459 977 3522 multum
1005 3462 1174 3544 sanguinis

163 3549 271 3614 fusum
304 3553 369 3614 est:
415 3547 496 3636 duae
528 3549 645 3633 quippe
677 3549 759 3613 acies
790 3549 837 3611 ita
873 3546 1100 3632 cohaerebant,
1134 3554 1175 3615 ut
