2444 3908
278 156 531 212 HISTORIARUM
548 156 761 212 ALEXANDRI
778 157 866 228 VIIII,
887 164 910 212 1.
928 163 953 211 2.
1057 155 1122 220 229

116 303 240 366 incolae
263 323 305 366 an
327 301 439 365 fraude
461 321 496 365 se
520 302 714 366 occulerent:
737 322 810 366 oum
828 300 937 366 subito
959 301 1124 385 patefacta
1141 312 1176 362 33

116 394 211 474 porta
242 411 299 454 rex
325 387 424 452 Indus
457 410 529 452 cum
563 388 687 454 duobus
715 389 833 453 adultis
866 389 942 453 filiis
974 390 1123 472 occurrit,

117 479 254 542 multum
272 478 358 541 inter
377 498 488 540 omnes
511 476 667 542 barbaros
686 476 829 541 eminens
846 477 990 560 corporis
1009 477 1123 561 specie.

117 565 228 630 Vestis
243 569 313 630 crat
327 586 404 630 auro
419 586 622 648 purpuraque
642 564 803 647 distincta,
822 586 903 648 quae
918 566 1015 629 etiam
1030 586 1123 630 crura
1141 576 1175 624 33

116 654 257 718 velabatr
281 653 387 718 aureis
409 653 506 717 solcis
528 653 709 717 inseruerat
731 672 887 737 gemmas,
911 653 1025 718 lacerti
1048 674 1123 736 quo

117 761 178 826 que
210 745 243 804 et
273 741 406 806 brachia
434 741 618 824 margaritis
646 744 762 805 ornata
789 745 889 805 erant.
937 740 1124 805 Pendebant
1141 751 1176 801 30

118 850 156 893 ex
185 829 317 893 auribus
344 829 488 912 insignes
516 829 652 894 candore
680 850 717 892 ac
750 829 973 912 magnitudine
1009 829 1124 912 lapilli.

116 915 271 981 Baculum
299 937 431 980 aureum
462 916 580 1000 berylli
607 916 858 1000 distinguebant.
901 916 972 992 Quo
1001 917 1123 980 tradito

116 1006 275 1085 precatus,
293 1008 329 1065 ut
344 1003 484 1085 sospites
499 1002 667 1088 acciperet,
686 1026 720 1068 se
739 1003 919 1088 liberosque
937 1009 972 1071 et
994 1007 1124 1089 gentem

81 1094 209 1159 6snam
245 1091 374 1156 dedidit.
421 1089 561 1156 Nobiles
598 1091 638 1155 ad
675 1091 855 1157 venandum
887 1114 981 1157 canes
1018 1093 1052 1156 in
1085 1105 1175 1157 3331

117 1179 249 1263 regione
268 1183 355 1243 sunt:
378 1179 499 1244 latratu
519 1179 681 1244 abstinere
700 1179 861 1263 dicuntur,
885 1201 958 1244 cnm
973 1179 1124 1244 viderunt

116 1267 232 1351 feram,
254 1267 402 1332 leonibus
420 1267 558 1332 maxime
578 1266 697 1332 infesti.
732 1267 859 1332 Horum
876 1269 943 1333 vim
961 1272 999 1333 ut
1017 1272 1123 1333 osten·
1141 1281 1175 1328 aa

117 1355 207 1419 deret
225 1355 422 1438 Alexandro,
444 1355 479 1419 in
497 1358 685 1439 conseptum
703 1356 829 1419 leonem
848 1356 982 1420 eximiae
1000 1358 1124 1440 magni·
1176 1369 1185 1378 ·

116 1443 237 1508 tudinis
268 1443 364 1508 iussit
395 1443 501 1507 emitti
528 1448 639 1508 ct1111
666 1445 797 1509 omnino
828 1444 990 1509 admoveri
1018 1465 1124 1529 canes,

117 1532 173 1615 qui
200 1531 346 1597 celeriter
373 1531 476 1595 feram
504 1534 747 1614 occupaverunt.
796 1531 880 1596 Tum
907 1552 946 1596 ex
974 1532 1039 1616 his,
1069 1534 1124 1616 qui

118 1618 330 1684 adsueverant
350 1619 472 1684 talibus
495 1619 696 1702 ministeriis,
723 1641 806 1683 unus
829 1619 919 1685 canis
941 1620 1029 1684 leoni
1051 1642 1124 1685 cunr

118 1706 192 1770 aliis
222 1706 421 1771 inhaerentis
453 1728 526 1771 crus
558 1706 695 1771 avellere
727 1709 772 1790 et,
809 1708 885 1790 quia
917 1728 983 1772 non
1015 1729 1124 1792 seque·

116 1794 226 1876 batur,
256 1793 342 1858 ferro
376 1799 544 1878 amputare
576 1793 689 1877 coepit.
733 1792 785 1858 Ne
818 1794 864 1858 sio
897 1794 1024 1878 quidem
1055 1818 1124 1878 per·
1142 1807 1176 1855 33

116 1882 237 1946 tinacia
250 1883 336 1946 victa
354 1904 464 1946 rursus
484 1883 581 1946 aliam
599 1885 726 1965 partem
739 1903 846 1946 secare
864 1881 985 1946 institit
998 1886 1031 1946 et
1048 1884 1123 1948 inde

119 1991 184 2033 non
204 1970 333 2053 segnius
356 1970 574 2034 inhaerentem
597 1970 682 2034 ferro
707 1969 841 2035 subinde
865 1969 1025 2035 caedebat.
1063 1971 1123 2036 Ille

118 2057 152 2121 in
176 2057 307 2122 vulnere
329 2057 416 2122 ferae
439 2057 550 2122 dentes
574 2057 785 2123 moribundus
809 2079 935 2143 quoque
962 2059 1123 2124 infixerat:

118 2148 242 2211 tantam
264 2145 331 2210 illis
354 2144 548 2210 animalibus
572 2146 612 2210 ad
634 2146 816 2211 venandum
839 2146 1048 2230 cupiditatem
1075 2148 1124 2212 in·

118 2253 288 2318 generasse
310 2237 461 2298 naturam
484 2233 660 2299 memoriae
681 2235 843 2318 proditum
866 2238 924 2300 333.
964 2234 1123 2320 Equidem
1142 2246 1177 2295 34

117 2322 212 2406 plura
230 2318 409 2388 transcribo
429 2322 653 2406 quamcredo:
670 2345 747 2386 nam
765 2322 1012 2393 necadfirmare
1029 2324 1124 2388 susti-

117 2428 188 2491 neo,
207 2409 246 2474 de
265 2410 380 2492 quibus
393 2409 521 2491 dubito,
538 2431 598 2474 nec
611 2410 797 2490 subducere,
817 2431 897 2492 quae
912 2412 1029 2492 accepi.
1063 2411 1123 2474 Re·
1142 2421 1176 2470 33

117 2496 195 2560 licto
218 2496 320 2579 igitur
340 2495 474 2579 Sopithe
496 2496 530 2559 in
553 2518 611 2560 suo
633 2516 733 2578 regno
757 2496 797 2560 ad
820 2497 952 2560 fluvium
975 2496 1125 2580 Hypasin

117 2584 288 2666 processit,
309 2581 565 2666 Hephaestione,
587 2583 643 2667 qui
665 2582 825 2647 diversam
845 2583 1010 2667 regionem
1034 2586 1125 2649 sube-

118 2675 226 2754 gerat,
249 2671 429 2735 coniuncto.

206 2757 354 2842 Phegeus
378 2761 449 2821 erat
471 2758 577 2840 gentis
600 2756 766 2839 proximae
788 2779 859 2821 rex:
886 2759 941 2842 qui
963 2761 1123 2843 populari·
1143 2773 1176 2822 36

118 2846 177 2909 bus
197 2845 263 2909 suis
282 2845 388 2910 colere
406 2864 512 2927 agros,
532 2848 567 2909 ut
586 2845 807 2927 adsueverant,
825 2846 921 2910 iussis
939 2847 1123 2915 Alexandro

118 2953 191 2996 cum
214 2931 305 2995 donis
325 2933 477 3012 occurrit,
499 2933 597 3017 nihil,
620 2933 704 3017 quod
725 2933 912 3018 imperaret,
935 2936 1124 3003 detrectans.

548 3090 628 3156 Onu.
651 3090 692 3157 ΙΙ.

82 3211 102 3276 ‘l
204 3194 344 3260 Biduum
363 3196 447 3280 apud
466 3217 539 3261 eum
552 3196 701 3261 substitit
719 3218 789 3260 rex:
807 3198 905 3262 tertio
924 3198 975 3263 die
994 3210 1158 3265 amneml
1188 3254 1193 3271 -.

117 3304 268 3366 superare
284 3284 477 3366 decreverat,
490 3286 631 3348 transitu
645 3285 808 3350 difficilem
819 3307 885 3350 non
897 3286 1004 3369 spatio
1018 3287 1123 3353 solum

117 3390 280 3455 aquarum,
300 3372 356 3436 sed
375 3374 472 3437 etiam
487 3373 571 3436 saxis
585 3373 773 3456 inpeditum.
796 3372 1009 3438 Percontatus
1022 3373 1147 3459 igituaf?

115 3454 261 3540 Phegea,
281 3481 361 3544 quae
379 3459 539 3524 noscenda
559 3463 661 3544 erant,
684 3460 876 3524 xr1dierum
895 3462 982 3524 ultra
1004 3459 1145 3529 flumas

113 3569 172 3633 per
206 3548 314 3610 vastas
348 3548 538 3612 solitudines
569 3548 632 3612 iter
664 3570 733 3612 esse
766 3547 946 3632 cognoscit:
978 3548 1046 3614 cxci
1111 3558 1118 3565 ““
