2444 3908
154 87 198 150 24
528 83 558 148 o.
578 84 687 139 ouarr
705 85 791 139 ιιιιιι

153 250 288 312 quoque,
312 247 392 311 quae
415 228 594 292 excubabat
612 228 653 291 ad
671 227 913 293 tabernaculum
930 231 1026 314 regis,
1049 232 1165 316 verita,

152 338 193 380 ne
225 316 355 379 maioris
387 319 493 379 motus
525 316 716 399 principium
749 320 844 400 esset,
877 339 999 382 armare
1027 341 1061 383 se
1090 341 1165 384 coe·

117 406 252 487 sperat.
297 400 403 468 Causa
432 403 530 467 subiti
559 404 687 487 pavoris
714 404 788 488 fuit,
822 404 907 488 quod
936 409 1038 470 mater
1065 429 1165 471 uxor·

153 512 214 574 que
238 489 334 554 Darei
358 511 429 554 cum
453 491 587 574 captivis
611 491 772 556 nobilibus
795 513 920 577 regem,
944 515 1038 576 quem
1060 495 1164 559 inter·

151 577 270 641 fectum
313 599 382 642 esse
424 579 607 663 credebant,
652 580 777 663 ingenti
819 581 940 664 gemitu
976 582 1164 665 eiulatuque

118 665 320 730 bdeflebant.
361 665 453 730 Unus
485 687 623 750 namque
651 688 668 729 e
696 667 830 749 captivis
858 668 1067 751 spadonibus,
1106 669 1165 752 qui

152 752 235 816 forte
264 758 337 817 ante
365 754 508 837 ipsarum
534 754 775 819 tabernaculum
804 758 949 838 steterat,
979 756 1165 840 amiculum,

152 842 238 925 quod
261 841 398 925 Dareus,
431 843 514 906 sicut
540 842 636 925 paulo
667 845 742 905 ante
769 841 889 906 dictum
917 847 978 926 est,
1006 864 1047 907 ne
1071 845 1164 909 cultu

151 930 351 1012 proderetur,
375 930 548 1013 abiecerat,
570 931 605 993 in
627 930 776 993 manibus
805 931 885 1013 eius,
919 931 973 1013 qui
995 935 1182 1014 repertum·

152 1016 291 1100 ferebat,
327 1017 460 1101 agnovit
491 1020 643 1102 ratusque
674 1016 843 1081 interfecto
881 1018 1057 1082 detractum
1089 1041 1165 1084 esse

118 1110 133 1157 6
152 1103 270 1168 falsum
291 1104 440 1167 nuntium
462 1104 576 1168 mortis
600 1105 668 1168 eius
691 1106 851 1170 attulerat.
896 1103 967 1169 Hoc
990 1106 1164 1172 mulierum

152 1213 258 1255 errore
286 1194 436 1272 conperto
464 1190 646 1255 Alexander
678 1190 825 1256 fortunae
852 1190 950 1255 Darei
982 1196 1014 1255 et
1044 1194 1164 1294 pietati

152 1299 261 1341 earum
283 1278 502 1342 inlacrimasse
525 1279 588 1342 fert
574 1282 635 1342 t.ur
680 1278 728 1342 Ao
750 1279 853 1362 primo
877 1278 938 1343 Mit
924 1280 1080 1380 thronem,
1104 1283 1164 1365 qui

152 1363 261 1429 Sardis
294 1365 469 1429 tradiderat
473 1367 601 1449 ,perit
601 1389 656 1430 um
687 1367 817 1450 linguae
844 1365 1047 1450 Persicae,
1038 1389 1084 1431 rre
1120 1369 1165 1435 ad

118 1459 132 1506 ⁷
153 1452 362 1517 consolandas
386 1474 439 1517 eas
462 1455 606 1517 iusserat
646 1452 777 1517 Veritus
801 1452 928 1536 deinde,
951 1475 992 1517 ne
1014 1455 1164 1536 proditor

152 1540 380 1622 captivarum
371 1562 452 1604 rram
471 1542 675 1622 doloremque
698 1543 875 1622 renovaret,
898 1540 1100 1605 Leonnatum
1121 1567 1165 1608 ex

156 1628 338 1711 purpuratis
361 1628 427 1692 suis
451 1628 547 1710 misit,
570 1629 691 1692 iussum
713 1627 864 1709 indicare,
886 1628 969 1693 falso
987 1631 1163 1696 lamentari

134 1737 205 1778 ,eas
224 1716 339 1778 vivum.
374 1715 432 1778 Ille
451 1737 522 1779 cum
540 1716 650 1799 paucis
669 1715 835 1799 armigeris
854 1717 889 1779 in
906 1718 1164 1803 tabernaculum,

154 1803 160 1816 '
209 1824 271 1885 quo
296 1803 439 1886 captivae
463 1808 568 1887 erant,
596 1805 742 1887 pervenit
764 1804 959 1888 missumque
983 1826 1017 1869 se
1041 1826 1060 1867 a
1082 1826 1164 1890 rege

90 1891 300 1955 ‘8nuntiare
322 1890 420 1956 iubet.
464 1892 511 1956 At
533 1893 569 1976 ii,
602 1892 713 1976 quiin
734 1892 892 1957 vestibulo
916 1896 1023 1976 erant,
1050 1896 1088 1955 ut
1111 1915 1164 1958 ar-

152 1982 258 2043 matos
281 2000 487 2064 conspexere,
512 1981 576 2044 rati
599 1985 705 2044 actum
729 2001 797 2045 esse
821 1980 859 2043 de
882 1980 1032 2063 dominis,
1054 1980 1090 2042 in
1112 1984 1165 2046 ta·

152 2067 359 2130 bernaculum
391 2071 535 2151 currunt,
568 2069 793 2149 vociferantes
829 2066 940 2130 adesse
977 2088 1165 2150 supremam

118 2154 266 2216 9horam
292 2154 486 2236 missosque,
517 2155 573 2238 qui
601 2155 782 2218 occiderent
804 2157 924 2234 captas.
967 2153 1093 2238 Itaque,
1124 2161 1166 2221 ut

153 2261 233 2323 quae
264 2261 323 2303 neo
350 2240 519 2322 prohibere
546 2243 679 2323 possent
709 2261 768 2303 neo
801 2240 900 2303 admit
886 2243 968 2304 ttere
980 2243 1166 2391 auderent,

152 2327 242 2389 nullo
268 2348 424 2410 responso
448 2327 523 2391 dato
489 2328 625 2391 ttaoit
627 2349 663 2390 ae
687 2326 934 2428 opperiebantur
957 2329 1020 2392 vict
1022 2329 1086 2394 oris
1110 2352 1163 2395 ar·

103 2420 135 2467 10
153 2414 227 2478 bit
202 2436 293 2478 num.
339 2413 537 2498 Leonnatus,
564 2417 696 2500 expecta
677 2414 820 2497 atodiu,
844 2416 898 2497 qui
921 2437 955 2479 se
978 2416 1164 2482 introduce·

153 2505 214 2585 ret,
237 2506 408 2587 postquam
430 2525 523 2568 nemo
546 2504 716 2587 procedere
735 2502 885 2586 audebat,
907 2503 1058 2567 relictis
1049 2525 1085 2566 m
1107 2527 1164 2570 ve·

154 2590 271 2654 stibulo
305 2591 495 2656 satellitibus
522 2592 624 2655 intrat
649 2592 684 2655 in
710 2590 961 2655 tabernaculum.
1011 2589 1061 2654 Ea
1088 2592 1166 2675 ipsa

153 2699 204 2741 res
227 2678 413 2742 turbaverat
434 2678 583 2761 feminas,
615 2679 700 2762 quod
725 2679 883 2762 inrupisse
910 2699 979 2742 non
1002 2678 1166 2744 admissus

103 2770 134 2818 11
159 2763 334 2827 videbatur.
391 2764 504 2847 Itaque
542 2770 645 2829 mater
683 2770 716 2829 et
754 2767 869 2829 coniux
900 2766 1087 2848 provolutae
1120 2768 1165 2832 ad

153 2851 250 2934 pedes
278 2872 368 2915 orare
392 2855 577 2934 coeperunt,
608 2856 657 2935 ut,
688 2853 874 2935 priusquam
896 2851 1112 2915 interficerent
1098 2855 1167 2937 t,ur

153 2938 251 3003 Darei
278 2959 392 3022 corpus
423 2939 501 3039 ipsis
529 2939 634 3023 patrio
662 2961 751 3002 more
783 2939 916 3040 sepelire
945 2905 1167 3022 permitteret}

153 3027 280 3090 functas
313 3047 460 3109 supremo
487 3026 522 3088 in
548 3047 657 3111 regem
685 3025 827 3090 officio
818 3028 943 3111 mpigre
971 3047 1039 3090 sese
1067 3028 1167 3091 mori-

103 3118 168 3177 12t
154 3118 253 3177 t.uras
288 3113 334 3177 At
355 3113 553 3177 Leonnatus.
581 3116 614 3178 et
635 3113 742 3177 vivere
765 3112 907 3177 Dareum
929 3115 992 3177 et
983 3135 1070 3196 1psas
1093 3137 1165 3180 non

152 3201 328 3264 incolumes
347 3202 460 3284 modo,
476 3201 531 3264 sed
550 3201 646 3264 etiam
666 3203 822 3285 apparatu
840 3200 995 3283 pristinae
1013 3200 1164 3268 fortunae

153 3288 281 3371 reginas
312 3287 390 3352 scre.
434 3288 516 3352 Turn
549 3289 676 3352 demum
703 3287 801 3352 Darei
830 3289 932 3350 mater
960 3287 1099 3352 adlevari
1128 3311 1164 3354 se

153 3397 250 3459 passa
273 3378 329 3438 est.

104 3467 134 3515 1³
241 3462 422 3528 Alexander
443 3465 572 3547 postero
591 3463 641 3527 die
660 3484 734 3527 cum
752 3483 829 3528 cura
845 3461 980 3545 sepultis
998 3462 1212 3550 militibus,3]
