2444 3908
160 132 223 196 188
271 200 275 207 ¹
531 130 562 195 o.
583 128 694 183 ouum
712 129 799 182 auur

105 288 139 336 41
159 278 277 340 bantur
300 274 464 339 abducere.
501 270 617 355 Clitus,
636 293 708 336 aum
728 271 977 356 abstraheretur,
1000 273 1040 337 ad
1058 273 1165 355 pristi-

158 387 234 428 nam
260 362 449 428 violentiam
476 361 525 425 ira
549 381 673 444 quoque
702 360 839 443 adiecta,
866 381 924 424 suo
948 364 1077 444 pectore
1104 365 1168 424 ter-

159 473 235 538 gum
254 451 343 516 illius
362 472 431 515 esse
451 448 625 530 defensum,
647 468 742 530 nunc,
762 452 935 532 postquam
953 450 1039 512 tanti
1058 450 1168 513 meriti

158 540 362 624 praeterierit
391 541 533 620 tempus,
565 537 663 601 etiam
696 536 884 600 memoriam
914 536 1054 601 invisam
1087 558 1168 621 esse,

106 639 140 687 44
159 627 345 712 proclamat
386 626 492 690 Attali
511 645 637 708 quoque
656 625 785 689 caedem
804 625 965 689 obiciebat
983 625 1073 689 etad
1094 625 1168 689 ulti·

159 739 247 780 mum
278 714 378 797 lovis,
410 735 505 798 quem
536 716 661 796 patrem
689 712 752 776 sibi
779 702 963 777 Alexander
995 713 1168 797 adsereret,

160 804 325 869 oraculum
349 801 492 883 eludens,
519 801 645 865 veriora
672 821 706 864 se
733 800 804 884 regi
827 822 924 884 quam
946 803 1073 883 patrem
1097 802 1166 866 eius

106 903 140 951 43
159 890 364 975 respondisse
384 890 519 954 dicebat.
559 886 630 952 Iam
651 891 780 952 *tantum
802 888 869 953 irae
893 892 1083 972 conceperat
1102 911 1167 972 rex,

161 983 316 1066 quantum
339 979 393 1042 vix
416 977 541 1043 sobrius
563 977 648 1040 ferre
671 975 840 1059 potuisset.
884 975 1058 1041 Enimvero
1087 977 1167 1041 olim

107 1078 142 1126 44
160 1090 248 1132 mero
272 1067 420 1132 sensibus
443 1065 538 1131 victis
563 1087 600 1129 ex
623 1066 704 1129 lectu
722 1067 852 1147 repente
871 1063 1031 1147 prosiluit.
1072 1063 1167 1130 Atto·

158 1157 219 1220 niti
244 1155 337 1219 amici
360 1176 400 1216 nc
423 1153 538 1235 positis
562 1151 701 1237 quidem,
724 1152 779 1216 sed
798 1152 932 1216 abiectis
950 1152 1075 1235 poculis
1094 1174 1167 1218 con-

160 1247 297 1327 surgunt
324 1242 358 1305 in
381 1245 530 1308 eventum
553 1241 612 1321 rei,
641 1263 738 1325 quam
764 1243 858 1305 tanto
886 1240 1009 1324 impetu
1037 1245 1166 1305 acturus

106 1340 140 1389 45
160 1335 262 1412 esset,
294 1329 420 1393 intenti.
474 1328 655 1392 Alexander
684 1331 778 1411 rapta
808 1329 920 1392 lancea
950 1350 988 1392 ex
1017 1330 1166 1394 manibus

160 1417 312 1501 armigeri
340 1415 461 1482 Clitum
487 1416 590 1480 adhuc
621 1415 731 1480 eadem
762 1417 892 1499 linguae
919 1416 1167 1499 intemperantia

159 1506 318 1569 furentem
345 1508 511 1588 percutere
539 1506 672 1568 conatus
701 1525 720 1567 a
742 1503 930 1568 Ptolemaeo
960 1508 993 1568 et
1015 1505 1167 1570 Perdicca

106 1603 141 1653 44
159 1593 333 1657 inhibetur.
373 1591 516 1655 Medium
539 1592 687 1674 conplexi
706 1593 765 1672 [et]
785 1592 945 1656 obluctari
963 1614 1167 1674 perseveran-

159 1686 226 1746 tem
249 1681 472 1744 morabantur:
497 1679 708 1763 Lysimachus
727 1682 760 1743 et
777 1678 962 1744 Leonnatus
983 1682 1082 1745 etiam
1100 1683 1167 1746 lan·

106 1780 139 1829 47
160 1791 249 1834 ceam
278 1769 487 1833 abstulerant.
532 1768 592 1832 Ille
618 1768 759 1832 militum
786 1768 881 1832 fidem
903 1769 1069 1850 inplorans
1093 1791 1165 1834 oon·

159 1857 313 1942 prehendi
336 1879 369 1920 se
394 1879 413 1921 a
435 1855 590 1940 proximis
614 1857 803 1938 amicorum,
829 1856 914 1939 quod
937 1856 1043 1920 Dareo
1065 1879 1166 1941 nuper

160 1946 337 2027 accidisset,
356 1944 515 2009 exclamat
529 1945 720 2030 signumque
739 1945 819 2008 tuba
837 1944 915 2027 dari,
932 1948 969 2009 ut
988 1945 1028 2008 ad
1041 1946 1166 2030 regiam

106 2044 140 2094 48
160 2035 277 2098 armati
298 2033 434 2115 coirent,
457 2033 556 2097 iubet.
601 2033 684 2096 Tum
706 2053 782 2097 vero
804 2032 1008 2096 Ptolemaeus
1037 2037 1070 2098 et
1092 2033 1167 2097 Per-

158 2122 263 2185 diccas
292 2121 428 2204 genibus
457 2121 601 2184 advoluti
629 2124 736 2202 orant,
768 2141 807 2184 ne
838 2121 873 2184 in
900 2124 967 2184 tam
995 2121 1168 2205 praecipiti

120 2235 124 2242 ·
158 2211 207 2272 ira
233 2211 418 2291 perseveret
449 2208 652 2291 spatiumque
684 2209 793 2290 potius
822 2208 928 2272 animo
957 2209 1025 2273 det:
1057 2211 1168 2274 omnia

158 2300 287 2380 postero
320 2296 370 2358 die
403 2295 519 2359 iustius
552 2299 767 2360 executurum.
822 2295 884 2360 Sed
916 2297 1043 2360 clausae
1075 2302 1167 2361 erant

105 2395 139 2443 44
160 2405 252 2448 aures
284 2384 490 2467 obstrepente
521 2383 578 2447 ira.
626 2384 739 2467 Itaque
771 2384 933 2466 impotens
965 2385 1065 2448 animi
1095 2408 1167 2468 pro·

159 2472 259 2536 currit
285 2471 321 2536 in
347 2471 455 2554 regiae
483 2471 677 2536 vestibulum
706 2477 738 2535 et
760 2473 853 2557 vigili
876 2473 1047 2536 excubanti
1070 2472 1167 2538 hasta

159 2561 269 2626 ablata
301 2559 448 2625 constitit
478 2560 512 2624 in
545 2560 648 2643 aditu,
679 2581 742 2643 quo
769 2581 898 2624 necesse
927 2564 996 2624 erat
1023 2560 1078 2645 iis,
1111 2563 1166 2644 qui

105 2659 139 2708 50
159 2649 256 2713 simul
275 2651 478 2730 cenaverant,
497 2649 613 2732 egredi.
649 2647 807 2712 Abierant
826 2648 932 2712 ceteri.
955 2645 1074 2732 ¹Clitus
1093 2648 1168 2713 ulti·

158 2758 229 2800 mus
258 2735 326 2799 sine
354 2736 475 2799 lumine
503 2736 620 2800 exibat.
666 2735 767 2810 Quem
794 2757 865 2818 rex,
895 2735 1043 2820 quisnam
1072 2743 1167 2819 44444,

157 2823 349 2906 interrogat.
397 2821 572 2887 Eminebat
604 2825 703 2888 etiam
734 2824 769 2887 in
799 2845 876 2889 voce
905 2823 1049 2906 sceleris,
1081 2826 1166 2907 quod

105 2921 137 2969 51
158 2911 309 2995 parabat,
334 2911 497 2975 atrocitas.
542 2910 588 2975 Et
615 2912 685 2996 ille,
711 2913 777 2976 iam
799 2933 865 2976 non
888 2933 978 2994 suae,
1001 2912 1056 2976 sed
1079 2913 1166 2996 regis

157 2999 224 3062 irae
247 3019 379 3077 memor,
403 2996 524 3063 Clitum
549 3020 618 3064 esse
641 3003 675 3063 et
698 3000 736 3064 de
756 2998 903 3064 convivio
927 3000 1013 3064 exire
1037 3021 1167 3082 respon-

105 3097 138 3146 42
160 3087 215 3150 dit.
264 3085 354 3150 Haec
387 3087 524 3152 dicentis
554 3087 640 3169 latus
668 3087 763 3152 hasta
793 3088 957 3152 transfixit
985 3088 1167 3153 morientis·

159 3196 218 3259 que
239 3175 394 3258 sanguine
414 3176 594 3260 adspersus,
613 3173 640 3238 ‘1
653 3173 757 3254 nunc,'
776 3175 890 3260 inquit,
910 3175 961 3240 ‘ad
979 3175 1180 3261 Philippum,

160 3266 191 3328 et
214 3263 461 3329 Parmenionem
485 3267 517 3328 et
540 3262 709 3327 Attalum?
