2444 3908
300 71 555 126 HISTORIARUM
573 72 790 127 ALEXANDRI
807 72 894 141 VIIII,
915 80 939 129 7.
957 79 982 128 8.
1077 73 1141 136 247

134 219 218 297 tum,
249 215 335 279 inter
367 237 446 298 qnos
484 219 575 279 erant
607 214 735 298 Graeci,
766 216 928 298 Dioxippo
961 217 1142 281 studebant.

135 303 269 368 Macedo
287 303 374 367 iusta
393 325 484 367 arma
498 310 689 388 sumpserat,
708 326 835 368 aereum
849 304 996 388 clipeum,
1014 305 1142 370 hastam

136 413 232 475 quam
261 392 399 455 sarisam
425 396 543 456 vocant
569 391 661 457 laeva
686 395 813 474 tenens,
841 393 972 458 dextera
996 394 1142 458 lanceam

136 478 309 562 gladioque
337 479 473 562 cinctus,
505 480 594 544 velut
622 479 863 563 cumpluribus
892 481 988 545 simul
1013 481 1142 546 dimica·

134 573 235 631 turus.
271 566 454 650 Dioxippus
478 568 549 633 oleo
572 568 679 632 nitens
701 572 733 632 et
751 571 922 633 coronatus
941 569 1034 633 laeva
1051 569 1142 653 puni-
1161 584 1196 633 20

135 675 227 719 ceum
250 656 437 739 amiculum,
460 656 572 720 dextra
594 656 737 721 validum
759 656 979 739 nodosumque
997 658 1141 740 stipitem

134 742 346 826 praeferebat.
381 743 431 807 Ea
453 744 525 826 ipsa
544 765 594 808 res
613 744 757 808 omnium
775 745 900 809 animos
920 746 1142 827 expectatione

136 831 360 915 suspenderat,
384 831 502 915 quippe
521 835 646 896 armato
665 832 817 917 congredi
834 832 954 896 nudum
973 832 1143 915 dementia,

134 941 200 983 non
222 919 388 984 temeritas
411 920 590 984 videbatur.
634 919 740 1005 Igitur
757 920 899 1004 Macedo,
921 920 1007 984 haud
1026 920 1142 986 dubius
1161 935 1192 983 21

135 1008 260 1071 eminus
279 1007 415 1072 interfici
428 1029 533 1092 posse,
550 1009 695 1072 lanceam
710 1009 830 1073 emisit:
850 1030 946 1092 quam
961 1009 1141 1091 Dioxippus

135 1117 207 1159 cum
236 1096 351 1180 exigua
378 1096 523 1178 corporis
550 1096 763 1161 declinatione
791 1096 940 1179 vitasset,
970 1100 1142 1179 antequam

134 1182 191 1247 ille
217 1182 349 1247 hastam
372 1183 563 1248 transferret
585 1185 620 1248 in
642 1184 797 1268 dextram,
820 1184 952 1256 adsiluit
975 1187 1008 1248 et
1030 1185 1142 1267 stipite

135 1270 275 1335 mediam
298 1293 369 1334 eam
387 1271 495 1355 fregit.
535 1271 666 1336 Amisso
684 1277 820 1356 utroque
839 1273 904 1338 telo
922 1270 1054 1337 Macedo
1074 1273 1141 1355 gla-
1160 1286 1193 1335 aa

136 1359 224 1423 diurn
251 1363 401 1441 coeperat
427 1361 594 1443 stringere.
645 1359 745 1435 Quem
771 1364 961 1444 occupatum
984 1361 1141 1444 conplexu

133 1447 270 1531 pedibus
288 1451 419 1530 repente
433 1447 598 1512 subductis
614 1448 793 1533 Dioxippus
808 1450 960 1513 arietavit
973 1449 1007 1512 in
1021 1453 1142 1513 terram

134 1539 308 1619 ereptoque
335 1536 443 1618 gladio
469 1535 583 1619 pedem
611 1558 706 1620 super
733 1537 889 1602 cervicem
911 1537 1030 1601 iacenti
1050 1539 1142 1620 inpo-

135 1624 209 1706 suit,
232 1624 378 1707 stipitem
400 1624 566 1688 intentans
590 1624 790 1707 elisurusque
810 1647 847 1690 eo
866 1625 996 1708 victum,
1019 1626 1054 1689 ni
1071 1646 1130 1707 pro

133 1710 258 1775 hibitus
285 1715 372 1776 esset
395 1733 414 1774 a
435 1732 520 1796 rege.
566 1711 683 1775 Tristis
712 1713 889 1794 spectaculi
916 1716 1049 1776 eventus
1076 1733 1143 1784 nor
1160 1726 1194 1775 ‘23

134 1798 364 1864 Macedonibus
382 1799 488 1884 modo,
510 1799 566 1863 sed
586 1800 683 1863 etiam
703 1799 889 1864 Alexandro
908 1800 980 1882 fuit,
1002 1799 1142 1863 maxime

136 1887 212 1970 quia
231 1886 361 1950 barbari
380 1886 562 1950 adfuerant:
582 1887 700 1971 quippe
720 1887 913 1953 celebratam
932 1887 1142 1952 Macedonum

134 1974 359 2039 tortitudinem
387 1973 426 2037 ad
450 1974 626 2039 ludibrium
656 1976 808 2040 recidisse
831 1975 1011 2039 verebatur.
1056 1974 1142 2039 Hinc
1160 1990 1195 2038 al

136 2062 176 2126 ad
194 2062 453 2127 criminationem
466 2063 647 2128 invidorum
662 2063 834 2149 adapertae
849 2066 924 2127 sunt
937 2063 1025 2146 regis
1039 2084 1142 2128 aures.

134 2150 180 2214 Et
206 2154 282 2233 post
304 2171 424 2233 paucos
447 2152 516 2216 dies
539 2152 624 2216 inter
645 2153 756 2236 epulas
780 2173 911 2216 aureum
931 2152 1080 2234 poculum
1104 2173 1142 2215 ex

135 2240 301 2323 conposito
317 2239 505 2304 subducitur
523 2239 735 2324 ministrique,
750 2241 844 2325 quasi
858 2240 1042 2304 amisissent
1057 2239 1142 2324 quod

135 2331 334 2410 amoverant,
357 2347 468 2411 regem
491 2329 619 2393 adeunt.
669 2328 769 2413 Saepe
791 2330 897 2393 minus
921 2331 971 2392 est
993 2331 1141 2392 constan·
1160 2343 1194 2390 25

134 2416 199 2479 tiae
226 2416 262 2479 in
283 2417 400 2479 rubore
424 2438 520 2500 quarn
544 2417 703 2500 inculpa.
749 2414 938 2481 Coniectum
967 2417 1142 2497 oculorum,

134 2503 252 2586 quibus
269 2505 307 2567 ut
325 2502 378 2566 fur
398 2502 629 2585 destinabatur,
650 2504 829 2587 Dioxippus
848 2503 932 2567 ferre
950 2524 1016 2569 non
1033 2503 1143 2586 potuit

134 2594 181 2673 et,
204 2613 276 2655 cum
300 2591 492 2656 excessisset
510 2591 671 2675 convivio,
693 2590 812 2655 littoris
831 2591 1036 2674 conscriptis,
1060 2612 1142 2674 quae

133 2679 203 2763 regi
225 2677 447 2762 redderentur,
468 2679 556 2744 ferro
575 2700 610 2744 se
627 2679 800 2743 interemit.
837 2678 985 2744 Graviter
1003 2683 1141 2744 mortem
1161 2694 1194 2742 aa

134 2766 203 2831 eius
225 2767 304 2831 tulit
325 2788 395 2849 rex,
418 2766 604 2832 existimans
626 2765 859 2851 indignationis
881 2787 964 2851 esse,
986 2789 1052 2832 non
1069 2789 1142 2852 pae

133 2854 292 2918 nitentiae
318 2856 451 2939 testem,
478 2856 590 2939 utique
616 2858 789 2939 postquam
815 2854 898 2920 falso
920 2853 1141 2921 insimulatum

135 2962 208 3006 eum
230 2941 369 3006 nimium
390 2942 574 3009 invidorum
596 2944 752 3029 gaudium
773 2942 924 3009 ostendit.

545 3100 625 3168 One.
646 3100 737 3169 VIH.

80 3202 126 3269 30
221 3204 376 3272 Indorum
398 3206 500 3293 legati
521 3206 647 3273 dimissi
668 3206 781 3273 domos
803 3210 895 3293 pauci
1000 3214 1003 3219 '
1030 3210 1142 3273 diebm
1162 3221 1176 3267 1

134 3314 208 3359 cum
229 3295 322 3361 donis
344 3298 560 3361 revertuntur.
600 3312 664 3363 000
687 3298 781 3361 erant
801 3298 884 3381 equi*
1047 3318 1050 3323 ·
1075 3318 1144 3360 cur·

132 3403 203 3465 rus,
230 3404 310 3467 quos
337 3382 522 3469 quadriiugi
545 3384 619 3469 equi
641 3384 812 3471 ducebant,
834 3386 866 3449 li·
1085 3383 1142 3445 ali-

134 3474 300 3557 quantum,
320 3472 412 3539 mille
435 3474 528 3539 scuta
549 3470 661 3539 Indica
683 3476 718 3541 st
737 3472 814 3541 ferri
836 3494 861 3537 a
1061 3476 1104 3535 lta
1123 3484 1177 3535 ca
