2444 3908
313 135 566 193 HISTORIARUM
583 135 796 191 ALEXANDRI
814 136 862 205 VI,
880 141 904 189 6.
926 141 948 191 7.
1052 207 1054 211 ¹
1071 132 1133 199 131

127 282 258 347 barbari
277 282 398 364 territi,
417 279 549 345 emuris
568 281 700 363 supinas
719 301 832 344 manus
845 279 1028 362 tendentes,
1043 299 1135 343 orare

128 374 314 454 coepemnt,
337 370 419 433 iram
437 369 472 432 in
490 365 733 449 Satibarzanen,
756 367 944 432 defectionis
963 371 1135 451 auctorem,

127 461 322 542 reservaret,
341 457 538 540 supplicibus
554 462 656 521 semet
669 455 860 520 dedentibus
879 460 1033 539 parceret.
1066 455 1135 520 Rex

128 546 205 612 data
231 546 325 610 venia
352 566 420 609 non
447 543 647 608 obsidionem
676 544 771 608 modo
800 543 911 627 solvit,
943 543 999 608 sed
1028 545 1136 608 omnia

128 656 188 699 sua
210 634 325 698 incolis
348 632 495 697 reddidit.

206 722 268 786 ,Ab
285 721 347 785 hac
359 721 439 785 urbe
453 720 598 804 digresso
614 720 874 803 supplementum
885 741 1042 784 novorum
1055 720 1136 783 mili·
1154 736 1188 785 ab

127 815 197 875 tum
222 809 369 874 occurrit.
405 807 512 874 Zoilus
532 826 555 871 Ι)
581 808 704 893 equites
728 829 766 871 ex
789 806 924 873 Graecia
947 807 1136 871 adduxerat:

128 916 168 962 111
186 897 278 962 milia
295 919 332 962 ex
345 896 476 980 Illyrico
491 895 664 978 Antipater
677 896 823 960 miserat:
850 895 998 960 Thessali
1012 895 1136 978 equites

129 990 206 1051 cet
228 1004 302 1050 xxx
330 1007 403 1049 cum
425 983 576 1066 Philippo
605 987 710 1048 erant:
740 1007 779 1048 ex
801 983 905 1068 Lydia
932 1001 959 1046 11
987 984 1077 1047 milia
1104 987 1137 1047 et

129 1075 283 1157 sexcenti,
315 1072 505 1158 peregrinus
537 1071 644 1153 miles,
676 1071 885 1155 advenerant,
919 1088 981 1136 cco
1014 1072 1136 1155 equites

130 1160 234 1246 gentis
265 1161 407 1226 eiusdem
435 1159 660 1244 sequebantur.
705 1158 775 1225 Hac
802 1183 900 1225 manu
923 1159 1049 1224 adiecta
1071 1161 1138 1224 adit
1155 1175 1188 1223 ao

129 1248 288 1333 Drangae.
317 1248 476 1314 Bellicosa
490 1248 581 1312 natio
595 1252 653 1312 est.
684 1245 836 1333 Satrapes
852 1251 921 1313 erat
934 1246 1137 1330 Barzaentes,

131 1339 259 1402 sceleris
273 1337 309 1401 in
321 1358 431 1422 regem
445 1358 538 1401 suum
552 1336 714 1420 particeps
724 1336 838 1401 Besso:
853 1338 880 1401 is
896 1336 1138 1419 suppliciorum,

131 1447 213 1509 quae
235 1428 409 1506 meruerat,
432 1428 520 1489 metu
543 1424 689 1508 profugit
710 1423 746 1489 in
768 1424 903 1489 Indiam.

552 1580 628 1647 OsP.
651 1580 723 1648 VII.

78 1689 121 1756 25
219 1687 289 1752 Iam
312 1709 433 1752 nonum
457 1686 541 1751 diem
565 1687 685 1751 stativa
708 1691 812 1767 erant,
842 1708 928 1770 cum,
951 1691 1083 1753 externa
1104 1691 1172 1754 vil

130 1797 197 1839 non
222 1775 361 1838 invictus
388 1775 484 1838 modo
517 1773 573 1837 sed
599 1777 701 1850 tutus,
729 1796 785 1838 rex
816 1774 969 1838 intestino
996 1776 1137 1840 facinore

131 1862 310 1946 petebatur.
350 1860 512 1944 Dymnus,
534 1861 679 1924 modicae
703 1861 786 1942 apud
808 1880 918 1943 regem
937 1864 1137 1928 auctoritatis
1157 1880 1172 1926 2

132 1953 164 2014 et
183 1949 320 2033 gratiae,
343 1949 475 2031 exoleti,
498 1949 549 2012 cui
567 1946 765 2012 Nicomacho
786 1952 856 2012 erat
874 1970 1006 2032 nomen,
1030 1973 1138 2016 amore

131 2038 305 2122 flagrabat,
323 2036 478 2122 obsequio
493 2037 549 2100 uni
563 2036 626 2100 sibi
646 2035 746 2099 dediti
765 2036 907 2118 corporis
927 2037 1060 2102 vinctus.
1096 2038 1138 2122 Is,
1156 2053 1172 2102 a

131 2127 217 2210 quod
234 2147 272 2189 ex
290 2126 383 2190 vultu
401 2146 528 2208 quoque
546 2123 684 2207 perspici
700 2127 843 2207 poterat,
862 2125 978 2190 similis
998 2125 1137 2190 attonito

131 2214 265 2278 remotis
281 2214 412 2278 arbitris
428 2234 499 2276 cum
513 2213 625 2279 iuvene
640 2213 773 2276 secessit
786 2213 820 2276 in
838 2215 1004 2296 templum,
1022 2235 1138 2279 arcana

132 2324 165 2366 se
184 2305 217 2367 et
236 2302 359 2366 silenda
378 2301 502 2366 adferre
520 2301 701 2384 praefatus,
720 2321 974 2384 suspensumque
992 2307 1136 2385 expecta·
1155 2318 1172 2365 4

131 2391 220 2454 tione
238 2411 295 2473 per
312 2391 457 2454 mutuam
472 2389 641 2453 caritatem
656 2392 689 2453 et
707 2389 845 2472 pignora
859 2389 1025 2472 utriusque
1040 2391 1138 2453 animi

131 2482 236 2560 rogat,
255 2482 292 2542 ut
310 2477 459 2543 adfirmet
476 2475 689 2558 iureiurando,
706 2496 788 2559 quae
803 2476 1025 2557 commisisset,
1045 2477 1137 2540 silen-

132 2566 179 2630 tio
194 2586 263 2630 esse
277 2569 446 2629 tecturam.
482 2563 528 2627 Et
545 2564 601 2627 ille
617 2567 722 2646 ratus,
740 2562 836 2646 nihil,
855 2562 940 2646 quod
956 2563 1052 2626 etiam
1067 2585 1139 2627 cum
1157 2582 1173 2628 5

132 2653 272 2737 periurio
288 2651 501 2735 detegendum
517 2649 615 2733 foret,
632 2650 860 2727 indicaturum,
879 2673 935 2733 per
954 2655 1138 2733 praesentes

132 2742 208 2806 deos
230 2741 324 2805 iurat.
361 2738 443 2803 Tum
462 2737 608 2820 Dymnus
628 2738 730 2820 aperit
752 2738 786 2801 in
809 2737 941 2802 tertium
965 2739 1049 2802 diem
1067 2741 1138 2823 regi
1158 2759 1172 2806 a

132 2829 265 2893 insidias
295 2830 486 2910 conparatas
518 2847 612 2909 seque
641 2825 708 2890 eius
738 2827 865 2890 consilii
897 2825 1034 2890 fortibus
1061 2828 1139 2891 viris

133 2920 167 2980 et
193 2915 375 2979 illustribus
403 2935 473 2978 esse
505 2914 702 2997 participem.
751 2914 830 2990 Quis
862 2915 985 2978 iuvenis
1021 2916 1173 2979 auditisu

134 3024 168 3066 se
190 3024 266 3067 vero
289 3002 384 3065 fidem
408 3002 442 3065 in
468 3002 640 3084 parricidio
666 3002 789 3066 dedisse
815 3007 1001 3067 constanter
1027 3004 1174 3067 abnuite

132 3112 191 3156 nec
213 3090 281 3165 ulla
308 3090 477 3174 religione,
504 3094 541 3154 ut
569 3091 672 3154 scelus
700 3094 803 3174 tegat,
831 3112 925 3173 posse
954 3092 1139 3174 constringi.

132 3179 293 3264 Dymnus,
321 3183 354 3243 et
381 3200 490 3243 amore
514 3181 546 3241 et
569 3181 657 3241 metu
681 3200 805 3261 amens,
833 3179 995 3243 dexteram
1022 3179 1139 3242 exoleti

134 3269 306 3351 conplexus
335 3271 368 3331 et
399 3268 571 3331 lacrimans
600 3288 691 3330 orare
723 3267 873 3350 primum,
910 3271 946 3331 ut
978 3269 1139 3349 particeps

134 3357 260 3420 consilii
290 3356 457 3440 operisque
473 3355 589 3507 {eretz
621 3354 649 3417 si
677 3354 710 3417 id
739 3355 896 3419 sustinere
928 3377 994 3418 non
1021 3357 1174 3435 possete

134 3446 278 3508 attamen
296 3466 336 3508 nc
354 3445 472 3527 prodor
520 3463 563 3525 se,
582 3443 671 3506 ouius
686 3463 762 3526 erga
779 3443 885 3525 ipsum
904 3441 1140 3505 benivolentiae

133 3535 262 3616 praeter
284 3532 349 3597 alia
377 3532 439 3597 hoc
463 3552 589 3615 quoque
612 3530 747 3597 haberet
770 3530 984 3595 fortissimum
1012 3530 1142 3610 pignus,

953 3629 991 3680 (ᾗ
