2444 3908
319 134 570 190 HISTORIARUM
587 134 801 190 ALEXANDRI
820 135 879 205 VH,
898 142 923 190 6.
1058 134 1122 199 169

117 279 302 344 Alexander
330 275 538 363 Spitamenen
566 283 598 343 et
625 276 782 363 Catenen,
810 301 829 343 a
856 278 972 363 quibus
1001 279 1031 343 ei
1057 281 1123 343 tra·

117 367 204 431 ditus
237 369 307 431 erat
338 367 471 449 Bessus,
506 366 592 431 haud
624 367 738 431 dubius
773 367 850 450 quin
882 388 993 431 eorum
1025 388 1124 449 opera

117 454 221 538 redigi
239 459 373 537 possent
390 455 425 518 in
442 457 639 538 potestatem
657 455 713 538 qui
730 458 928 520 novaverant
946 476 1011 539 res,
1029 455 1124 519 iussit

119 544 248 607 accersi.
284 543 330 606 At
347 542 410 627 illi,
432 541 635 625 defectionis,
654 543 693 607 ad
713 564 810 626 quam
828 543 1033 607 coercendam
1053 563 1123 607 evo·
1144 562 1176 613 ra

118 630 285 714 cabantur,
300 634 455 714 auctores,
469 631 680 714 vulgaverant
693 631 788 713 fama,
797 631 986 695 Bactrianos
1001 631 1124 714 equites

119 740 138 783 a
156 738 232 802 rege
251 739 373 802 omnes,
391 722 428 782 ut
441 718 670 801 occiderentur,
684 718 804 784 accersi
821 719 916 802 idque
931 718 1124 800 imperatum

117 805 210 889 ipsis:
232 827 298 871 non
321 806 511 870 sustinuisse
534 811 643 870 tamen
666 807 791 890 exequi,
813 826 853 871 ne
876 805 1067 889 inexpiabile
1091 805 1125 869 in

118 895 291 977 populares
316 894 441 959 facinus
465 894 682 958 admitterent.
722 893 799 958 Non
820 894 924 978 magis
948 892 1125 958 Alexandri

118 982 302 1065 saevitiam,
321 1003 417 1065 quam
433 981 524 1045 Bessi
546 982 752 1065 parricidium
772 981 856 1046 ferre
874 981 1025 1065 potuisse.
1060 979 1124 1044 Ita-

119 1090 181 1152 que
198 1092 257 1134 sua
275 1073 389 1152 sponte
403 1069 469 1133 iam
488 1072 594 1134 motos
608 1073 696 1134 metu
714 1091 835 1153 poenae
854 1069 939 1133 haud
952 1068 1126 1133 difficulter

63 1160 107 1225 27
119 1156 160 1220 ad
188 1179 278 1223 arma
304 1158 552 1223 concitaverunt.
597 1157 780 1223 Alexander
808 1156 1050 1241 transfugarum
1075 1156 1125 1220 de·
1145 1137 1193 1226 ιζ

118 1244 255 1309 sectione
278 1249 431 1328 conperta
453 1244 622 1311 Craterum
647 1245 791 1310 obsidere
815 1243 1000 1329 Cyropolim
1027 1243 1124 1310 iubet

117 1331 190 1416 Ipse
227 1333 324 1397 aliam
359 1333 471 1398 urbem
511 1333 652 1419 regionis
690 1333 831 1398 eiusdem
868 1354 987 1398 corona
1023 1333 1124 1415 capit:

119 1421 288 1506 signoque,
318 1425 355 1485 ut
382 1421 517 1506 puberes
545 1422 815 1507 interficerentur,
846 1422 922 1486 dato
950 1420 1064 1504 reliqui
1091 1419 1126 1522 in

117 1509 1005 1680 titillabit.t}ttalssltsshfttttll
1018 1512 1126 1662 tlt}
1146 1618 1177 1666 a

118 1704 213 1768 gens,
231 1684 430 1750 obsidionem
448 1707 514 1749 non
531 1689 568 1749 ut
586 1685 804 1749 honestiorem
822 1684 931 1766 modo,
954 1684 1010 1748 sed
1028 1685 1126 1749 etiam

118 1776 156 1835 ut
173 1772 326 1836 tutiorem
344 1772 427 1836 ferre
446 1773 659 1838 decreverant.
690 1771 741 1835 Ad
760 1793 896 1855 quorum
913 1772 1126 1855 pertinaciam

119 1859 333 1942 mitigandam
356 1882 412 1924 rex
435 1876 457 1922 n
481 1861 604 1943 equites
632 1859 811 1942 praemisit,
840 1858 896 1942 qui
924 1859 1126 1922 clementiam

119 1947 221 2029 ipsius
253 1947 288 2010 in
320 1947 445 2011 deditos
478 1947 636 2030 simulque
664 1945 895 2010 inexorabilem
922 1946 1065 2010 animum
1092 1946 1126 2010 in

119 2034 263 2100 devictos
287 2035 499 2100 ostenderent.
539 2035 592 2098 Illi
610 2055 668 2099 nec
691 2034 729 2098 de
752 2034 814 2098 fide
837 2055 896 2098 nec
918 2034 957 2098 de
979 2034 1126 2116 potentia
1146 2055 1178 2104 18

118 2123 203 2207 regis
240 2123 328 2205 ipsos
366 2123 513 2187 dubitare
549 2122 744 2207 respondent
775 2122 962 2207 equitesque
995 2123 1126 2187 tendere

118 2214 210 2275 extra
246 2212 448 2276 munimenta
483 2212 572 2276 urbis
606 2212 734 2275 iubent:
770 2211 976 2293 hospitaliter
1012 2211 1124 2275 deinde

119 2308 268 2381 exceptos
291 2321 467 2384 gravesque
490 2299 593 2382 epulis
618 2302 651 2363 et
673 2321 786 2370 somno
814 2299 1009 2382 intempesta
1030 2304 1125 2363 nocte

118 2387 224 2450 adorti
260 2387 498 2452 interfecerunt.
552 2387 735 2451 Alexander
768 2386 855 2449 haud
888 2407 993 2468 secus,
1030 2406 1177 2469 quam19

117 2495 177 2556 par
195 2476 275 2557 erat,
293 2479 400 2539 motus
418 2475 531 2538 urbem
550 2495 668 2539 corona
683 2472 892 2537 circumdedit
910 2472 1126 2555 munitiorem,

119 2583 215 2645 quam
234 2566 270 2625 ut
288 2563 393 2645 primo
412 2562 536 2644 impetu
554 2561 625 2642 capi
643 2564 763 2642 posset.
794 2559 909 2642 Itaque
928 2559 1125 2644 Meleagrum

119 2653 152 2714 et
173 2647 360 2714 Perdiccam
383 2649 418 2712 in
441 2647 606 2712 obsidione
629 2646 791 2730 relinquit.
831 2647 903 2727 Ipse
919 2648 1126 2729 proficiscitur

116 2739 160 2802 ad
181 2735 342 2804 Gruterum
365 2733 565 2819 Cyropolim,
588 2738 626 2798 ut
650 2739 723 2798 ante
747 2735 868 2799 dictum
892 2738 954 2817 est,
977 2735 1124 2801 obsiden-

117 2829 193 2889 tem.
239 2821 406 2888 Statuerat
428 2826 536 2887 autem
558 2845 688 2906 parcere
716 2823 789 2887 urbi
813 2822 960 2887 conditae
984 2845 1003 2885 a
1027 2821 1124 2907 Cyro:
1144 2844 1178 2893 20

118 2911 237 2994 quippe
263 2932 328 2974 non
357 2911 457 2975 alium
485 2912 629 2994 gentium
657 2911 787 2975 illarum
815 2911 919 2993 magis
948 2910 1125 2977 admiratus

118 3002 181 3082 est,
205 3019 301 3082 quam
325 2999 410 3063 hunc
432 3019 540 3082 regem
565 3003 598 3064 et
617 2998 823 3081 Samiramin,
849 3019 929 3081 quos
948 3003 981 3064 et
1003 3000 1126 3084 magni·

116 3086 229 3150 tudine
253 3085 354 3150 animi
377 3089 410 3150 et
432 3086 581 3151 claritate
609 3108 715 3151 rerum
744 3088 840 3169 longe
867 3087 1095 3153 emicuissent

117 3175 222 3239 debat.
281 3172 432 3239 Ceterum
464 3167 642 3257 pertin'acia
674 3175 909 3258 oppidanorum
941 3176 1024 3240 iram
1077 3174 1085 3191 '

117 3262 271 3327 accendit.
316 3262 428 3346 ltaque
452 3267 579 3345 captam
602 3264 715 3327 urbem
739 3263 836 3346 diripi
859 3263 963 3327 iussit.
1007 3261 1039 3328 D

118 3371 155 3413 ea
176 3349 371 3415 Memacenis
394 3350 480 3415 haud
503 3350 621 3414 iniuria
644 3351 778 3415 infestus
803 3350 843 3415 ad
866 3350 1090 3435 Meleagrum·

116 3434 301 3503 Perdiccam
318 3439 408 3503 redit.
446 3436 507 3503 Sed
525 3459 591 3502 non
610 3440 675 3502 alia
693 3439 770 3502 urbs
789 3438 907 3503 fortius
922 3436 1122 3504 obsidionem

116 3524 206 3589 tulit:
229 3526 345 3609 quippe
365 3530 398 3592 ct
419 3527 558 3591 militum
581 3525 815 3610 promptissimi
837 3523 979 3590 cecidere
998 3528 1033 3593 et
1053 3525 1122 3610 ipse
