2444 3908
129 121 237 194 ‘xxry
496 101 498 105 ⁵
541 139 767 223 seminarum.

147 279 254 335 crudeli
272 279 369 333 adficit
387 279 533 349 supplicio.
565 281 624 335 VH.
643 278 752 335 Deinde
765 278 925 349 Aegyptum
942 280 1016 348 petit
1032 278 1160 348 visitque

76 356 128 407 831
148 350 222 404 lovis
232 349 396 404 Hammonis
406 350 557 405 oraculum.
575 351 647 406 VIII.
657 351 689 404 In
698 352 827 419 Aegypto
837 349 1037 404 Alexandriam
1046 351 1159 406 condite

147 420 214 474 inde
231 419 386 488 Memphim
403 421 488 490 petit,
507 438 552 476 res
569 420 693 490 Aegypti
711 421 831 474 ordinat
864 420 910 474 IX.
928 419 1035 475 Dareus
1055 421 1092 475 ad
1106 421 1159 474 Ar-

145 490 211 545 bela
224 490 352 559 pervenit
366 492 520 559 eodemque
534 494 664 560 superato
678 491 793 560 Tigride
807 490 972 546 Alexander.
1000 491 1033 545 X.
1047 490 1158 546 Milites

147 561 182 615 ob
201 561 285 615 lunae
303 560 489 616 defectionem
507 563 635 616 turbatos
653 579 703 631 per
721 560 877 631 Aegyptios
901 563 981 615 vates
1009 562 1158 616 confirmat

145 631 312 686 Alexander.
339 631 486 686 Persarum
498 631 603 687 milites
618 649 701 701 agros
715 634 859 686 vastantes
878 631 909 685 in
927 631 1024 701 fugam
1042 632 1156 687 conicit.

145 700 230 755 Darei
257 719 326 756 uxor
353 703 465 772 captiva
491 719 616 757 moerore
644 702 772 756 confecta
800 718 959 770 supremum
987 701 1063 756 diem
1085 703 1157 759 obit.

145 771 299 826 Alexandri
324 772 424 828 luctus.
464 772 550 827 Darei
571 771 638 826 inde
661 773 846 841 suspiciones,
875 771 989 842 cognita
1015 789 1046 827 re
1074 775 1159 841 grata

145 844 219 898 vota.
265 843 311 897 XI.
339 843 440 898 Pacem
470 842 585 897 tertium
618 843 775 911 quaesitam
802 842 908 896 Dareus
935 859 992 896 non
1023 842 1157 912 inpetrat,

146 913 183 967 ad
202 913 375 968 deditionem
393 915 442 967 aut
465 914 501 967 ad
527 913 634 969 bellum
661 913 710 968 ille
738 914 774 968 ab
791 912 951 967 Alexandro
978 915 1157 982 provocatur.

145 983 204 1038 XII.
227 984 272 1037 Ad
293 983 432 1053 proelium
450 983 516 1037 dum
530 984 676 1038 Persarum
699 1001 728 1039 ee
752 983 889 1039 exercitus
911 986 1005 1052 parat,
1024 984 1156 1039 Macedo-

145 1071 195 1109 nes
217 1055 324 1109 terrore
342 1054 420 1108 velut
437 1053 610 1122 lymphatico
627 1053 753 1124 percussi
772 1071 849 1108 arma
871 1055 978 1109 alacres
997 1057 1153 1123 capessunt

145 1124 216 1179 XIII.
241 1123 365 1179 Consilia
395 1124 586 1178 Parmenionis
615 1127 644 1179 et
671 1124 893 1194 Polyperconte,
917 1125 966 1193 qni
988 1127 1156 1180 noctmnum

144 1194 282 1263 proelium
305 1195 436 1262 suadent,
459 1194 618 1249 Alexander
641 1195 756 1249 damnat
778 1211 931 1263 somnoque
949 1195 1071 1250 refectus
1090 1213 1156 1250 suos

146 1265 183 1318 ad
200 1281 323 1333 pugnam
342 1264 477 1319 accendit.
505 1263 577 1320 XIV.
595 1265 748 1319 Alexandri
767 1266 804 1320 ad
818 1265 999 1329 Graecorum,
1019 1264 1104 1319 Darei
1119 1267 1156 1320 ad

144 1335 291 1389 Persarum
309 1335 461 1389 exercitum
484 1338 551 1389 ante
568 1353 692 1405 pugnam
711 1335 859 1390 orationes.
896 1335 955 1389 XV.
980 1336 1095 1390 Cruenti
1119 1337 1157 1390 ad

144 1405 250 1459 Arbela
271 1405 372 1473 proelii
395 1405 555 1474 descriptio.
596 1406 695 1461 Victor
716 1405 875 1460 Alexander
897 1405 1019 1460 Dareum
1046 1406 1156 1462 victum

147 1475 328 1546 persequItur.
365 1475 435 1531 XVI.
455 1476 539 1530 Laevi
558 1492 670 1542 cornus,
690 1475 735 1529 cui
752 1475 900 1529 Parmenio
918 1478 1059 1544 praeerat,
1079 1477 1155 1545 peri-

145 1546 239 1599 culum
260 1546 450 1601 Alexandrum
476 1546 603 1601 retrahit.
644 1546 768 1600 Tandem
789 1545 902 1613 integra
923 1545 1044 1599 victoria
1067 1547 1156 1615 potiti

144 1615 311 1671 Macedones
329 1616 453 1684 reliquos
472 1616 570 1671 Persas
589 1617 657 1685 fuga
675 1631 808 1685 quaerere
828 1615 949 1669 salutem
967 1618 1080 1684 cogunt.

561 1783 682 1842 LIBER
705 1783 741 1842 V.

215 1896 236 1952 I.
254 1896 345 1952 Dareo
363 1896 474 1952 Mediae
492 1897 560 1953 lines
579 1897 718 1968 ingresso,
738 1895 849 1952 Arbelis
866 1897 976 1967 potitur
993 1896 1155 1952 Alexander

146 1969 176 2022 et
192 1967 349 2038 Babylone,
377 1969 456 2024 cuiue
479 1967 562 2036 situs,
591 1969 760 2039 amplitudo,
788 1968 912 2037 corrupti
935 1984 1027 2021 mores
1051 1967 1155 2021 descri-

144 2038 258 2093 buntur.
298 2040 331 2094 II.
353 2039 492 2093 Militibus
516 2040 642 2109 praemia
659 2037 804 2108 proponit,
832 2040 865 2091 ut
887 2037 940 2091 otii
961 2037 1033 2091 vitia
1062 2037 1155 2090 discu-

145 2110 226 2162 teret.
281 2108 352 2162 Susa
379 2110 477 2163 urbem
510 2125 543 2161 ao
569 2126 668 2176 regum
694 2109 841 2161 Persarum
867 2107 1014 2159 thesauros
1043 2104 1154 2174 recipit,

146 2177 327 2246 Sisigambim
356 2177 524 2233 consolatur.
564 2178 610 2231 ΠΙ.
637 2176 772 2231 Uxiorum
802 2175 918 2244 regione
946 2177 1077 2244 superata
1107 2176 1156 2230 de-¹
1209 2189 1211 2194 ·

146 2248 220 2301 ditos
244 2249 273 2301 et
296 2246 422 2315 captivos
441 2265 504 2300 cum
525 2246 658 2301 libertate
679 2248 741 2299 tum
767 2245 945 2300 immunitate
964 2247 1064 2299 donat:
1088 2245 1154 2300 Per-

146 2317 236 2371 sidem
270 2315 377 2371 intrare
413 2317 540 2386 cogitans
576 2318 612 2370 ab
648 2315 835 2370 Ariobarzane
872 2316 1002 2371 recedere
1035 2316 1154 2386 cogitur.

145 2388 192 2442 IV.
217 2386 334 2456 Captivo
360 2389 482 2455 quodam
510 2387 565 2442 iter
586 2387 684 2457 paucis
707 2386 851 2456 cognitum
873 2389 1061 2454 monstrante,
1089 2387 1154 2441 Per-

147 2475 239 2512 sarum
258 2457 421 2526 exercitum,
440 2458 502 2527 ipso
520 2457 708 2513 Ariobarzane
727 2457 832 2524 occiso,
853 2457 937 2512 delet.
966 2457 1008 2539 V.
1027 2457 1071 2537 Ad
1089 2457 1155 2510 Per-

77 2608 129 2659 sa
147 2527 1155 2670 retardat.dlhlta1lsl‡33t?ll.1tllalell

146 2671 291 2739 regionem
311 2671 386 2750 petit
408 2688 441 2725 ac
458 2671 619 2725 Mardorum
641 2672 738 2725 domat
760 2673 881 2739 gentem.
917 2669 977 2724 VH.
997 2668 1157 2724 Alexander

147 2740 178 2794 in
209 2739 337 2794 convivro
369 2757 387 2794 a
411 2740 518 2795 Thaide
549 2741 677 2810 inpulsus
709 2740 856 2795 Persarum
882 2740 991 2810 regiam
1018 2738 1154 2805 incendit,

148 2810 249 2865 deinde
265 2810 398 2891 persequi
414 2810 536 2865 Dareum
554 2811 662 2866 statuit.
698 2811 771 2865 VIII.
789 2810 875 2865 Darei
893 2827 958 2865 suos
976 2810 1013 2864 ad
1030 2825 1155 2878 pugnarn

147 2883 287 2936 hortantrs
302 2881 400 2936 oratio.
427 2881 473 2935 IX.
487 2879 590 2936 Variae
604 2879 763 2951 principum
776 2881 945 2935 sententiae:
965 2878 1155 2934 consternatio

148 2953 184 3007 ob
203 2951 388 3019 Nabarzanis,
413 2951 462 3018 qui
484 2968 547 3005 cum
565 2952 651 3006 Besso
673 2950 841 3020 proditionis
861 2950 1025 3004 societatem
1042 2949 1154 3016 inierat,

149 3021 305 3076 consilium.
345 3022 378 3075 X.
401 3021 481 3076 Bessi
509 3024 537 3076 et
559 3021 733 3075 Nabarzanis
757 3022 791 3075 de
815 3020 906 3074 Dareo
933 3021 1078 3089 prodendo
1107 3023 1156 3073 aut

149 3091 302 3147 occidendo
324 3092 432 3147 nefaria
455 3091 630 3146 deliberatio.
666 3091 711 3145 XI.
730 3090 852 3146 Insidiae
870 3091 1047 3160 proditorum
1064 3091 1154 3143 Dareo

149 3163 319 3232 aperiuntur.
359 3162 386 3217 Is
413 3165 509 3216 tamen
531 3179 662 3231 praesens
686 3161 854 3216 Graecorum
880 3160 989 3228 respuit
1011 3158 1155 3227 auxilium,

147 3235 263 3303 paratus
281 3232 384 3302 perire,
404 3233 429 3287 si
448 3233 556 3288 salvum
575 3249 604 3286 ee
619 3248 679 3286 esse
694 3230 738 3285 sui
751 3231 861 3285 nollent
872 3230 987 3284 milites.
1015 3229 1074 3284 XII.
1088 3229 1152 3283 Bes-

149 3322 196 3358 eue
222 3303 345 3358 Dareum
371 3303 443 3358 fictis
470 3303 563 3357 verbis
591 3305 621 3357 et
646 3301 769 3356 lacrimis
797 3300 926 3355 delusum
953 3299 1157 3369 conprehendit

149 3370 1156 3514 {tttetrartutdlmpdllt.;ltt‘¹⁰.llt⁰¹¹lt3lAtta

149 3516 185 3584 ad
203 3516 349 3570 Persarum
368 3515 519 3571 exercitum
538 3513 691 3569 contendit.
724 3513 825 3567 Bessus
844 3515 939 3566 autem
957 3528 1021 3566 cum
1038 3512 1156 3580 reliquis

148 3585 295 3655 parricidis
323 3603 401 3641 arma
427 3587 591 3654 vultumque
618 3583 733 3639 victoris
761 3586 887 3638 metuens
909 3584 1031 3638 Dareum
1058 3582 1156 3637 multis
