2444 3908
134 130 197 194 ΠΟ
503 128 534 195 Q.
554 129 769 185 6226212221

131 298 188 340 rex
206 274 248 339 ad
265 272 417 336 ultimum
438 273 618 356 periculum
640 274 737 339 venit
776 271 924 356 Namque
947 274 1061 339 cervix
1081 275 1156 342 eius

132 383 209 427 saxo
227 362 276 424 ita
289 361 354 425 icta
368 364 430 443 est,
449 363 486 425 ut
504 361 606 426 oculis
625 361 765 444 caligine
783 361 886 426 offusa
904 361 1156 449 conlaberetur,

130 471 171 514 nc
189 449 307 513 mentis
326 448 455 532 quidem
473 470 617 532 compos:
636 448 795 514 exercitus
814 453 900 514 certe
917 450 1011 515 velut
1029 456 1154 536 erepto

78 557 112 605 26
132 539 193 618 [in]
226 558 263 602 eo
295 536 462 621 ingemuit.
517 535 579 602 Sed
610 537 749 602 invictus
784 537 936 602 adversus
968 558 1027 620 ea,
1063 561 1154 624 quae

132 630 256 691 ceteros
278 627 412 708 terrent,
437 624 579 689 nondum
605 629 776 708 percurato
799 625 932 690 vulnere
955 626 1066 692 acrius
1092 629 1154 695 ob·

131 713 250 778 sidioni
280 713 402 777 institit
431 714 613 777 naturalem
640 713 840 778 celeritatem
870 714 921 778 ira
948 713 1152 783 concitante.

131 799 286 867 Cuniculo
314 821 391 884 ergo
419 801 556 865 suffossa
583 800 710 865 moenia
736 801 851 886 ingens
878 801 1041 867 nudavere
1073 826 1152 888 spa·

130 890 225 973 tium,
248 910 305 972 per
329 887 416 972 quod
438 888 573 973 inrupit,
600 889 767 972 victorque
788 890 903 953 urbem
925 889 1013 954 dirui
1034 890 1152 959 iussit.

78 997 112 1044 24
218 977 303 1041 Hinc
319 976 544 1041 Menedemum
567 997 639 1041 cum
661 977 765 1041 tribus
784 977 916 1042 milibus
939 978 1095 1060 peditum
1115 984 1150 1047 et
1159 981 1196 1045 28

130 1081 220 1130 2666
233 1064 395 1148 equitibus
412 1064 453 1128 ad
470 1065 582 1129 urbem
595 1064 792 1130 Maracanda
804 1065 904 1130 misit.
935 1063 1150 1148 Spitamenes

129 1152 298 1235 transfuga
333 1151 494 1234 praesidio
526 1151 737 1218 Macedonum
768 1152 843 1216 inde
875 1153 1001 1218 deiecto
1037 1157 1148 1223 muris

130 1239 218 1303 urbis
243 1240 311 1302 eius
333 1238 509 1303 incluserat
532 1260 566 1303 sa
589 1239 676 1304 haud
697 1240 867 1323 oppidanis
890 1241 1067 1307 consilium
1093 1245 1148 1311 de·

128 1326 278 1390 fectionis
297 1325 560 1408 adprobantibus.
597 1326 694 1410 Sequi
710 1332 820 1392 tamen
837 1328 1041 1413 videbantur,
1066 1333 1149 1417 quia

76 1433 110 1483 25
129 1412 301 1497 prohibere
318 1435 383 1478 non
400 1416 559 1496 poterant.
594 1413 729 1478 Interim
747 1415 929 1480 Alexander
947 1417 989 1481 ad
1003 1417 1146 1487 Tanaim

130 1523 256 1566 amnem
288 1501 372 1565 redit
403 1504 448 1584 ct,
484 1505 639 1586 quantum
675 1503 736 1566 soli
769 1508 982 1586 occupaverat
1014 1510 1145 1596 castris,

130 1611 221 1653 muro
249 1588 465 1654 circumdedit.
509 1606 559 1654 Lx
588 1590 765 1654 stadiorum
796 1592 886 1656 urbis
918 1614 1032 1659 murus
1064 1595 1145 1664 fuit:

77 1698 111 1746 26
130 1677 214 1741 hanc
227 1698 353 1762 quoque
369 1677 481 1741 urbem
495 1675 723 1742 Alexandriam
738 1679 896 1762 appellari
914 1680 1021 1747 iussit.
1049 1682 1144 1768 Opus

128 1768 222 1831 tanta
240 1766 404 1833 celmitate
421 1765 598 1849 perfectum
618 1768 677 1849 est,
695 1769 732 1830 ut
747 1785 822 1831 xvn
840 1767 900 1850 die,
918 1790 1016 1852 quam
1038 1773 1145 1839 muni·

128 1858 239 1918 menta
256 1855 397 1919 excitata
414 1857 515 1938 erant,
534 1857 620 1919 tecta
639 1875 764 1938 quoque
782 1854 871 1919 urbis
886 1856 1144 1927 absolverentur.

129 1941 247 2026 Ingens
272 1943 412 2006 militum
435 1946 595 2006 certamen
616 1943 702 2006 inter
724 1943 812 2025 ipsos
835 1942 956 2026 fuerat,
982 1950 1023 2010 ut
1046 1970 1145 2015 suum

129 2032 264 2113 quisque
286 2051 401 2095 munus
423 2065 461 2075 -
485 2052 561 2094 narn
584 2030 721 2094 divisum
740 2033 810 2094 crat
826 2067 871 2077 —
887 2032 1013 2114 primus
1035 2040 1144 2103 osten·

76 2136 109 2185 22
130 2117 226 2181 deret
269 2116 398 2181 Incolae
419 2137 523 2180 novae
550 2117 623 2180 urbi
650 2117 719 2181 dati
741 2118 873 2202 captivi,
901 2140 983 2202 quos
1010 2123 1143 2191 reddito

127 2204 232 2285 pretio
252 2203 390 2267 dominis
412 2202 575 2286 liberavit,
599 2225 733 2287 quorum
756 2207 878 2288 posteri
900 2228 987 2273 nunc
1009 2232 1144 2296 quoquo

128 2290 212 2372 apud
227 2311 281 2354 eos
295 2295 364 2354 tam
377 2288 477 2373 longa
490 2294 596 2355 aetate
610 2294 742 2374 propter
755 2294 946 2359 memoriam
958 2294 1144 2366 Alexandri

127 2400 192 2443 non
215 2379 430 2444 exoleverunt.

545 2525 621 2593 Gar.
644 2527 717 2594 VH.

94 2664 106 2709 1
215 2642 261 2706 At
287 2665 342 2706 rex
366 2640 571 2726 Scytharum,
598 2643 688 2707 cuius
714 2646 784 2707 tum
807 2643 895 2709 ultra
915 2644 1056 2713 Tanaim
1078 2650 1142 2717 im·
1151 2650 1190 2716 29

126 2731 251 2812 perium
276 2735 356 2811 erat,
382 2735 471 2796 ratus
495 2752 565 2795 cam
592 2731 718 2810 urbem,
747 2752 844 2814 quam
871 2733 907 2796 in
933 2733 1007 2816 ripa
1031 2740 1142 2805 amnis

125 2816 318 2881 Macedones
337 2817 558 2899 condiderant,
578 2819 644 2881 suis
663 2819 838 2901 inpositam
856 2842 926 2885 esse
944 2823 1142 2911 cervicibus,

127 2904 270 2985 fratrem,
290 2902 473 2969 Carthasim
491 2905 629 2988 nomine,
648 2927 721 2970 cum
737 2927 856 2990 magna
873 2909 1018 2991 equitum
1038 2933 1142 2980 manu

126 2992 216 3056 misit
234 2992 274 3055 ad
293 2992 480 3057 diruendam
499 3014 571 3058 eam
592 2993 768 3077 proculque
787 3016 880 3060 amne
899 2997 1142 3068 submovendas

91 3078 338 3148 aMaoedonum
375 3081 494 3165 copias.
546 3079 736 3146 Bactrianos
767 3081 886 3147 Tanais
918 3084 959 3149 ab
993 3082 1143 3175 Scythis,

127 3189 207 3251 quos
243 3167 431 3252 Europaeos
473 3174 606 3247 vocant,
643 3169 765 3234 dividit
822 3169 913 3235 Idem
948 3171 1068 3241 Asiam
1106 3182 1143 3243 at

91 3256 290 3340 sMuropam
321 3257 395 3321 finis
427 3257 591 3322 interfluit.
641 3254 792 3322 Ceterum
825 3256 1021 3342 Scytharum
1055 3283 1142 3349 gens

125 3345 212 3410 haud
233 3345 345 3427 procul
369 3344 508 3409 Thracia
531 3344 595 3409 sita
614 3344 654 3408 ab
673 3345 796 3409 oriente
820 3345 860 3408 ad
879 3349 1143 3430 septentrionem

126 3455 160 3498 se
188 3433 287 3498 vertit
314 3430 611 3516 sarmatarumque,
643 3435 680 3496 ut
706 3432 837 3516 quidam
865 3434 1043 3522 credidere,
1072 3462 1144 3507 non

90 3521 277 3607 clinitima,
307 3523 362 3586 sed
390 3543 466 3606 pars
490 3525 547 3586 est.
592 3520 694 3585 Recta
722 3520 835 3585 deinde
857 3522 991 3606 regione
1013 3527 1144 3595 saltum
