2444 3908
101 157 164 220 118
476 157 507 222 Q.
527 157 637 212 CURTI
655 157 741 212 RUFI

98 300 244 364 centibus
270 322 342 364 eam
369 301 545 365 verecunde
572 302 794 367 reluctantem.
840 301 1010 365 Excellens
1041 305 1116 366 erat

97 388 203 452 forma
222 391 255 452 et
271 388 411 452 formam
424 390 527 473 pudor
541 389 746 454 honestabat.
782 388 925 453 Deiectis
940 389 1115 455 interram

98 477 199 540 oculis
232 480 277 560 et,
310 481 465 560 quantum
497 476 629 557 licebat,
665 499 720 542 ore
752 478 860 543 velato
893 477 1115 560 suspicionem

98 564 248 646 praebuit
261 566 340 648 regi,
353 566 552 629 nobiliorum
567 587 645 644 esse,
665 588 761 648 quam
774 569 812 629 nt
825 566 910 629 inter
924 566 1114 631 convivales

64 655 78 702 7
99 652 190 716 ludos
206 653 336 716 deberet
350 653 485 717 ostendi.
512 653 602 736 Ergo
617 615 826 737 iriterrogata,
841 674 999 736 quaenam
1013 658 1115 739 esset,
1207 722 1210 741 Ξ

97 740 220 823 neptim
249 763 284 805 se
307 739 401 824 Ochi,
431 741 486 825 qui
513 762 615 823 nuper
636 742 838 824 regnasset'
828 763 864 804 1n
889 740 1011 825 Persis,
1039 743 1114 808 filio

98 829 166 892 eius
190 829 335 913 genitam
358 850 428 894 esse
451 829 625 912 respondit,
647 850 779 893 uxorem
798 828 974 982 Hystaspis
998 829 1114 896 fuisse

98 915 302 1001 Propinquus
325 917 379 981 hie
402 917 501 981 Darei
522 916 631 982 fuerat
616 920 643 1001 t,
666 939 778 1002 magni
800 922 833 982 9
855 918 925 1000 ipse
948 919 1113 984 exercitus

63 1018 78 1065 8
98 1009 237 1087 praetor.
273 1004 388 1068 Adhuc
402 1005 436 1068 in
451 1007 559 1070 animo
576 1006 663 1090 regis
679 1009 791 1070 tenues
806 1005 962 1089 reliquiae
976 1007 1114 1088 pristini

98 1094 196 1157 moris
215 1093 402 1157 haerebant.
437 1092 552 1176 Itaque
571 1094 734 1158 fortunam
751 1095 843 1178 regia
862 1094 962 1176 stirpe
976 1094 1114 1178 genitae

98 1184 131 1245 et
162 1184 230 1244 tam
259 1181 382 1244 celebre
411 1202 529 1245 nomen
558 1183 701 1264 [neptem
727 1181 824 1262 Ochi]
856 1182 1015 1246 reveritus
1044 1204 1115 1248 non

98 1267 218 1331 dimitti
236 1268 332 1331 modo
352 1269 523 1352 captivam,
547 1269 603 1332 sed
622 1271 721 1333 etiam
739 1270 868 1333 restitui
888 1270 916 1334 ei
935 1291 1011 1333 suas
1030 1292 1113 1354 opes
1179 1292 1182 1298 ·

96 1354 199 1438 iussit,
222 1356 327 1419 virum
348 1376 473 1438 quoque
492 1357 621 1440 requiri,
644 1362 680 1421 ut
697 1361 825 1440 reperto
845 1358 1016 1440 coniugem
1037 1360 1114 1424 red·

61 1443 194 1507 9deret.
234 1442 369 1507 Postero
394 1447 502 1508 autem
531 1445 581 1508 die
608 1446 772 1528 praecepit
795 1444 1044 1530 Hephaestioni,
1074 1453 1113 1513 ut

97 1551 207 1595 omnes
231 1532 376 1614 captivos
399 1531 434 1595 in
456 1533 580 1616 regiam
601 1532 729 1596 iuberet
756 1533 878 1598 adduci.
923 1534 975 1598 Ibi
999 1535 1113 1618 singu·

95 1620 201 1683 lorum
232 1619 406 1683 nobilitate
438 1623 584 1702 spectata
614 1622 751 1685 secrevit
779 1644 798 1684 a
825 1622 937 1704 vulgo,
970 1643 1112 1705 quorum

97 1707 257 1771 eminebat
275 1728 386 1791 genus.
426 1707 516 1772 Mille
535 1709 571 1772 hi
589 1708 730 1774 fuerunt:
754 1710 840 1773 inter
859 1732 939 1792 quos
958 1715 1110 1792 repertus

96 1798 146 1859 est
169 1795 343 1879 Oxathres,
369 1796 469 1861 Darei
496 1796 609 1880 frater,
638 1818 703 1861 non
726 1798 813 1861 illius
835 1798 981 1880 fortuna,
1009 1820 1110 1881 quam

45 1889 77 1937 10
95 1885 202 1949 indole
222 1886 320 1948 animi
339 1885 389 1949 sui
408 1885 533 1949 clarior.
568 1904 654 1950 xxvl
672 1887 762 1950 milia
780 1885 939 1950 talentum
957 1887 1110 1970 proxima

94 1973 213 2055 praeda
239 1973 369 2037 redacta
392 1976 496 2037 erant:
529 1995 546 2036 e
575 1974 645 2057 quis
669 1974 836 2037 duodecim
860 1975 952 2057 milia
974 1974 1010 2037 in
1032 1996 1110 2040 con·
1210 1970 1215 1989 '

95 2062 234 2143 giarium
263 2060 404 2123 militum
429 2061 600 2143 absumpta
624 2065 707 2125 sunt.
756 2060 820 2124 Par
848 2061 923 2124 huic
949 2064 1110 2142 pecuniae

43 2154 73 2201 11
95 2169 220 2210 summa
243 2148 412 2210 custodum
433 2147 546 2211 fraude
571 2149 736 2211 subtracta
754 2151 812 2210 991.
853 2145 1014 2230 Oxydates
1035 2157 1111 2217 erat

93 2234 213 2297 nobilis
227 2232 340 2296 Perses
345 2283 354 2316 ‚
374 2234 429 2316 qui
443 2255 463 2296 a
476 2233 583 2298 Dareo
599 2235 731 2316 capitali
746 2235 904 2316 supplicio
923 2234 1110 2306 destinatus

93 2321 307 2385 cohibebatur
320 2321 354 2384 in
367 2321 520 2386 vinculis:
539 2322 614 2386 huie
628 2322 765 2386 liberato
781 2325 963 2404 satrapeam
978 2322 1111 2393 Mediae
1178 2370 1183 2380 ·

94 2409 257 2474 attribuit:
284 2409 482 2494 fratremque
504 2409 603 2474 Darei
625 2410 747 2493 recepit
773 2410 808 2474 in
831 2411 996 2475 cohortem
1025 2416 1109 2479 ami·

94 2520 202 2562 corum
226 2499 314 2563 omni
338 2501 483 2563 vetustae
507 2498 665 2562 claritatis
688 2498 812 2563 honore
835 2503 973 2564 servato.

42 2595 73 2640 12
180 2586 265 2651 Hinc
283 2587 318 2650 in
333 2587 530 2652 Parthienen
549 2590 738 2689 perventum
753 2590 814 2669 est,
833 2590 909 2651 tunc
923 2588 1137 2672 ignobilemO

94 2677 235 2756 gentem,
263 2697 348 2738 nunc
372 2679 468 2759 caput
496 2676 653 2758 omnium,
683 2676 738 2760 qui
759 2678 834 2777 post
856 2675 1048 2759 Euphraten
1073 2683 1108 2744 et

41 2770 72 2818 13
94 2761 219 2843 Tigrim
244 2783 353 2825 amnes
379 2763 432 2826 siti
460 2764 559 2828 rubro
582 2764 665 2828 mari
691 2764 905 2828 terminantur
906 2761 1107 2848 Scythae

91 2848 257 2931 regionem
276 2853 486 2932 campestrem
507 2872 543 2914 ac
561 2851 704 2916 fertilem
707 2855 970 2952 occupaverunt,
987 2871 1106 2934 graves

92 2936 196 2999 adhuc
215 2937 352 3001 accolae.
395 2937 491 3002 Sedes
514 2939 635 3003 habent
621 2940 714 3003 tet
704 2962 739 3002 1n
756 2940 968 3023 Europaet
958 2961 993 3003 1n
1007 2939 1105 3007 Asia:

91 3024 146 3117 qui
166 3045 261 3107 super
279 3024 462 3108 Bosporum
481 3027 598 3110 colunt,
617 3027 839 3092 adscribuntur
853 3027 1020 3093 Asiaet
985 3031 1020 3092 at
1021 3030 1106 3112 ‚qui

91 3135 125 3176 m
156 3112 288 3195 Europa
321 3118 409 3197 sunt,
442 3137 461 3178 a
492 3115 584 3178 laevo
613 3115 768 3179 Thraciae
800 3117 849 3180 lat
834 3119 903 3180 tere
935 3116 975 3180 ad
1002 3115 1106 3202 Bory-

91 3200 238 3264 sthenem
241 3205 362 3351 tatque
390 3165 463 3265 inde
487 3202 527 3266 ad
549 3202 684 3266 Tanaim
710 3203 824 3283 [alium
848 3205 989 3285 amnem]
1012 3211 1107 3270 recta

40 3308 72 3355 11
90 3289 241 3389 plagae
241 3289 371 3353 ttinent.
422 3289 542 3354 Tanais
575 3290 740 3390 Europam
773 3295 806 3355 91
834 3292 947 3357 Asiam
979 3292 1106 3359 medius
1189 3344 1192 3349 -

90 3377 140 3440 int
126 3377 256 3441 terfluit.
301 3376 370 3442 Nec
393 3377 520 3441 dubitat
470 3381 573 3460 tatur,
601 3379 680 3462 quin
707 3377 858 3462 Scythae,
885 3381 939 3463 qui
962 3379 1106 3447 Parthos

90 3465 273 3549 condidere,
305 3487 370 3530 non
398 3487 417 3529 9
443 3465 605 3548 Bosporo,
638 3467 692 3530 sed
721 3488 759 3530 ex
787 3467 938 3551 Europae
968 3469 1107 3552 regione

39 3571 71 3620 15
89 3553 339 3637 penetraverint
371 3552 457 3620 Urbs
478 3558 548 3619 erat
564 3575 603 3618 99
620 3559 813 3638 tempestate
828 3556 916 3620 clara
929 3555 1108 3623 Hecatom·
