2444 3908
301 140 555 197 HISTORIARUM
572 141 786 196 ALEXANDRI
806 142 853 210 Vl,
872 148 897 197 4.
917 147 944 198 5.
1068 142 1132 207 125

79 287 81 292 ’
119 284 243 350 Novem
271 285 415 368 iuvenes,
447 306 557 351 omnes
586 285 697 349 eadem
726 289 830 349 matre
858 285 976 370 geniti,
1005 291 1166 370 patreml

68 832 110 896 15

73 2307 113 2371 16

120 373 371 438 comitabantur:
397 373 458 437 hos
485 372 667 437 Artabazus
695 372 846 436 dexterae
874 374 960 456 regis
989 375 1133 439 admovit

120 463 277 544 precatus,
300 465 336 524 ut
358 467 428 526 tam
452 461 505 524 diu
529 461 682 541 viverent,
705 460 806 523 donec
828 460 925 524 utiles
947 461 1130 527 Alexandro

121 552 236 615 essent.
289 548 358 613 Rex
389 549 524 632 pedibus
557 549 619 612 iter
648 549 835 638 plerumque
866 547 1020 613 faciebat:
1054 553 1166 614 tunc5

121 636 286 702 admoveri
314 637 377 700 sibi
405 640 438 701 et
464 636 627 701 Artabazo
655 657 754 719 equos
782 635 891 719 iussit,
919 657 960 700 ne
988 637 1060 720 ipso
1084 639 1131 701 in·

121 725 286 808 grediente
304 724 439 807 pedibus
458 745 554 789 senex
572 744 654 808 equo
677 723 753 788 vehi
776 723 986 788 erubesceret.

210 811 254 876 Ut
273 811 386 876 deinde
404 815 511 877 castra
530 814 606 876 sunt
623 811 740 895 posita,
764 810 912 893 Graecos,
937 833 1017 895 quos
1036 811 1132 877 Arta·
1151 837 1167 885 s

122 900 218 964 bazus
252 901 443 983 adduxerat,
475 899 646 965 convocari
671 899 774 963 iubet:
807 904 842 963 at
870 899 932 982 illi,
961 900 1024 964 nisi
1051 900 1132 965 fides

121 986 382 1052 Lacedaemoniis
402 1008 529 1071 quoque
548 992 581 1051 et
595 986 826 1070 Sinopensibus
845 986 983 1070 daretur,
1001 1009 1132 1070 respon·

122 1075 198 1140 dent
221 1097 264 1158 se,
288 1076 365 1160 quid
388 1075 547 1160 agendum
572 1075 650 1158 ipsis
673 1074 769 1157 foret,
790 1075 1033 1140 deliberaturos.
1074 1076 1166 1139 Lei

122 1164 192 1246 gati
220 1168 312 1228 erant
339 1161 666 1228 Lacedaemoniorum
694 1163 786 1227 missi
815 1162 855 1227 ad
882 1162 1038 1245 Dareum,
1068 1186 1132 1248 quo

123 1251 207 1315 victo
240 1251 461 1335 adplicuerant
493 1273 527 1315 se
558 1249 688 1316 Graecis
721 1251 867 1315 mercede
899 1252 983 1334 apud
1016 1250 1132 1316 Persas

123 1339 349 1403 militantibus.
380 1338 449 1403 Rex
467 1338 826 1423 omississponsionum
840 1338 977 1422 fideique
992 1338 1133 1423 pignori·
1151 1354 1167 1402 c

123 1427 183 1491 bus
211 1427 319 1491 venire
345 1448 399 1492 eos
426 1427 534 1511 iussit,
562 1426 740 1510 fortunam,
769 1448 864 1509 quam
892 1427 961 1509 ipse
984 1427 1133 1511 dedisset,

121 1515 300 1580 habituros.
340 1513 407 1579 Diu
430 1517 618 1580 cunctantes
641 1516 803 1598 plerisque
825 1515 961 1579 consilia
979 1516 1134 1580 varianti·

122 1603 182 1668 bus
211 1603 340 1668 tandem
368 1607 518 1667 venturos
544 1623 578 1666 se
605 1603 811 1686 pollicentur.
856 1603 902 1666 At
924 1603 1167 1668 Democratesa

123 1689 345 1772 Atheniensis,
373 1690 427 1773 qui
456 1691 594 1754 maxime
622 1689 836 1754 Macedonum
863 1691 979 1772 opibus
1008 1713 1134 1774 semper

124 1777 304 1854 obstiterat,
323 1777 417 1840 venia
439 1778 607 1860 desperata
625 1778 734 1861 gladio
754 1799 787 1841 se
806 1777 980 1862 transfigit.
1017 1777 1134 1860 Ceteri,

124 1865 208 1928 sicut
230 1864 472 1947 constituerant,
495 1865 614 1928 dicioni
636 1864 810 1929 Alexandri
833 1864 922 1946 ipsos
946 1886 980 1929 se
1003 1867 1133 1949 permit·

123 1957 206 2017 tunt
259 1951 349 2014 Mille
382 1955 414 2014 et
440 1970 465 2015 Ι)
493 1952 613 2016 milites
644 1955 750 2016 erant:
780 1956 909 2034 praeter
940 1952 1001 2016 hos
1033 1953 1133 2038 legati
1155 1972 1186 2021 10

124 2040 163 2105 ad
190 2038 333 2104 Dareum
360 2039 453 2104 missi
479 2056 533 2105 xc.
585 2038 624 2103 In
651 2038 912 2122 supplementum
941 2039 1133 2104 distributus

124 2128 231 2212 miles,
261 2127 359 2192 ceteri
386 2128 514 2192 remissi
542 2132 671 2192 domum
699 2131 828 2210 praeter
853 2127 1138 2213 Lacedaemonios,

124 2239 205 2301 quos
228 2217 313 2281 tradi
336 2216 371 2279 in
395 2216 575 2281 custodiam
597 2217 700 2283 iussit.

212 2304 397 2369 Mardorum
411 2309 481 2369 erat
495 2305 726 2389 gens-confinis
739 2302 932 2388 Hyrcaniae,
946 2305 1035 2369 cultu
1048 2305 1134 2369 vitae
1155 2324 1186 2374 11

125 2414 241 2476 aspera
273 2397 305 2457 et
333 2393 513 2457 latrociniis
541 2392 687 2457 adsuetas
718 2392 798 2456 haec
826 2393 897 2455 sola
922 2413 982 2455 nec
1009 2393 1134 2475 legatos

125 2481 259 2544 miserat
290 2502 346 2545 uec
374 2481 543 2546 videbatur
569 2481 729 2562 imperata
756 2479 889 2542 factura.
937 2478 1052 2561 Itaque
1079 2500 1136 2543 rex

124 2568 326 2653 indignatus,
356 2568 384 2631 si
413 2590 478 2632 una
509 2587 588 2651 gens
619 2569 731 2650 posset
758 2565 897 2648 efficere,
928 2587 969 2629 ne
997 2567 1135 2630 invictus

125 2661 220 2739 esset,
242 2655 470 2740 inpedimentis
495 2675 567 2718 cum
589 2653 750 2736 praesidio
773 2653 896 2718 relictis
915 2653 1021 2718 valida
1039 2675 1136 2718 manu

126 2745 302 2809 comitante
323 2741 477 2826 procedit.
521 2740 630 2806 Noctu
653 2742 716 2806 iter
739 2740 861 2805 fecerat
883 2745 915 2805 et
937 2742 1043 2825 prima
1066 2742 1136 2807 luce
1157 2763 1188 2812 12

125 2832 230 2895 hostis
249 2832 284 2894 in
303 2833 475 2911 conspectu
494 2833 570 2894 erat.
611 2828 782 2894 Tumultus
801 2830 905 2913 magis
926 2851 1022 2912 quam
1044 2853 1136 2913 proe-

126 2919 207 2982 lium
229 2917 300 2982 fuit
352 2916 525 2981 Deturbati
548 2939 587 2982 ex
610 2918 760 3000 collibus,
788 2939 867 3000 quos
891 2921 1136 3002 occupaverant,

127 3005 258 3070 barbari
280 3005 495 3088 profugerunt
517 3006 715 3089 proximique
739 3005 801 3069 vici
824 3006 865 3069 ab
884 3007 998 3070 incolis
1018 3007 1136 3071 deserti

127 3094 306 3177 capiuntur.
360 3091 519 3157 Interiora
549 3094 692 3176 regionis
726 3093 793 3157 eius
824 3093 910 3157 haud
944 3116 1020 3157 sane
1054 3094 1136 3158 adiri
1157 3114 1188 3164 13

127 3182 196 3248 sine
219 3202 338 3266 magua
362 3181 529 3246 vexatione
552 3182 710 3246 exercitus
737 3185 897 3263 poterant.
942 3182 1024 3266 Iuga
1046 3203 1135 3247 mon·

128 3553 263 3618 quarum
286 3537 414 3598 teneros
438 3532 541 3597 adhuc
563 3556 671 3597 ramos
696 3556 792 3598 manu
816 3533 961 3616 flectunt,
985 3552 1067 3616 quos

126 3271 209 3334 tium
242 3270 407 3353 praealtae
436 3269 535 3333 silvae
568 3290 725 3353 rupesque
758 3270 863 3334 inviae
896 3270 1057 3352 saepiunt:
1120 3290 1175 3345 f.-

70 3432 72 3434 ,
128 3378 209 3440 quae
231 3359 330 3442 plana
352 3360 440 3441 sunt,
467 3379 550 3422 novo
579 3358 772 3422 munimenti
795 3379 912 3442 genere
934 3290 1189 3672 inpediet*

128 3445 265 3510 barbari.
311 3445 451 3511 Arbores
480 3446 597 3509 densae
626 3449 701 3509 sunt
726 3447 765 3509 de
793 3445 951 3509 industria
979 3443 1068 3508 consi
1100 3452 1103 3457 ’
