2444 3908
154 163 195 226 18
524 158 555 223 Q.
575 158 789 215 cussinum

153 307 209 371 alii
238 326 317 390 prae
348 308 436 368 metu
467 304 637 404 imperium
664 303 777 403 exequi
804 323 870 366 non
897 300 1071 384 audebant,
1104 300 1166 365 alii

150 393 544 547 ffiptppurexequebantur,
570 413 658 475 qura,
679 391 735 455 ub1
757 393 867 474 partes
889 389 1011 472 labant,
1033 409 1166 454 summa

573 636 651 703 (lae.
673 637 729 702 IX.

117 767 130 812 1
238 744 334 809 Acies
363 747 470 809 autem
494 744 556 809 hoo
578 742 673 807 modo
697 742 796 807 stetit.
840 739 1048 806 Nabarzanes
1071 739 1164 824 equi·
1175 743 1215 809 23

150 835 222 896 tatu
252 833 399 896 dextrum
426 854 526 896 cornu
552 830 705 895 tuebatur
733 829 851 894 additis
877 827 1078 892 frmditorum
1110 849 1165 892 sa-

116 941 131 988 2
151 921 420 1004 gittariorumque
443 920 559 1003 viginti
575 919 642 982 fere
660 917 800 982 milibus.
834 916 874 980 ln
889 915 1001 980 eodem
1014 915 1165 997 Thymo·

151 1008 206 1072 des
230 1011 308 1092 erat,
332 1005 463 1070 Graecis
482 1006 643 1088 peditibus
661 1004 806 1069 mercede
825 1003 999 1086 conductis,
1020 1002 1165 1086 triginta

150 1095 295 1178 milibus,
329 1094 544 1177 praepositus.
601 1093 672 1157 Hoc
708 1096 779 1156 erat
813 1091 900 1155 haud
931 1090 1026 1155 dubie
1057 1090 1165 1156 robur

116 1182 321 1264 eexercitus,
350 1203 409 1264 par
431 1179 656 1245 Macedonicae
682 1179 837 1264 phalangi
865 1178 959 1243 acies.
1003 1176 1042 1240 In
1063 1177 1163 1245 laevo

150 1290 251 1332 cornu
281 1268 501 1332 Aristomedes
534 1268 708 1332 Thessalus
744 1285 791 1331 xx
824 1267 915 1330 milia
944 1265 1164 1332 barbarorum

150 1356 294 1438 peditum
324 1356 475 1420 habebat.
530 1355 570 1419 In
601 1355 752 1419 subsidiis
783 1352 1040 1437 pugnacissimas
1070 1354 1162 1420 loca-

116 1447 242 1510 4verat
268 1447 389 1527 gentes.
433 1443 545 1526 Ipsum
572 1463 680 1527 regem
705 1442 741 1505 in
767 1441 879 1506 eodem
905 1461 1005 1504 cornu
1027 1439 1163 1507 dimica·

150 1533 259 1594 turum
281 1531 345 1594 tria
366 1532 456 1595 milia
478 1531 673 1595 delectorum
689 1529 840 1612 equitum,
864 1527 998 1592 adsueta
1012 1531 1162 1612 corporis

151 1618 309 1702 custodia,
333 1622 365 1681 et
387 1618 544 1702 pedestris
568 1617 665 1700 acieS,
690 1616 904 1700 quadraginta
926 1615 1024 1699 milia,
1047 1637 1162 1701 seque·

116 1726 131 1773 o
151 1706 280 1769 bantur:
307 1705 452 1789 Hyrcani
475 1706 588 1769 deinde
610 1703 758 1789 Medique
781 1705 918 1789 equites:
944 1703 996 1767 his
1018 1705 1163 1786 proximi

151 1795 328 1857 ceterarum
350 1793 509 1879 gentium,
537 1793 624 1857 ultra
650 1815 706 1857 eos
734 1793 846 1856 dextra
872 1793 1026 1875 laevaque
1049 1791 1162 1876 dispo·

152 1880 215 1944 siti.
246 1881 318 1947 Hoc
337 1903 461 1967 agmen,
485 1882 568 1946 sicut
585 1882 706 1945 dictum
725 1885 783 1965 est,
805 1881 1000 1945 instructum
1017 1897 1054 1943 VI
1067 1881 1162 1948 milia

115 1991 131 2037 o
150 1969 362 2034 iaculatorum
384 1970 643 2054 funditorumque
666 1969 906 2033 antecedebant.
941 1965 1101 2049 Quidquid
1124 1969 1163 2035 in

150 2058 215 2120 illis
245 2057 403 2140 angustiis
431 2057 513 2120 adiri
538 2060 680 2140 poterat,
711 2057 912 2137 inpleverant
933 2055 1058 2138 copiae,
1088 2076 1162 2121 eor-

149 2164 277 2225 nuaque
299 2143 374 2205 hinc
398 2144 438 2206 ab
459 2143 549 2225 iugo,
572 2143 660 2206 illinc
684 2164 703 2205 a
725 2142 807 2205 mari
830 2141 970 2205 stabant.
1014 2141 1162 2210 Uxorem

149 2233 348 2313 matremque
374 2229 460 2312 regis
488 2231 521 2291 et
548 2228 647 2291 alium
667 2228 859 2292 feminarum
882 2249 1013 2313 gregem
1035 2230 1071 2293 in
1091 2252 1160 2298 me-

150 2316 238 2380 dium
261 2337 378 2400 agmen
400 2319 622 2398 acceperants
896 2350 898 2355 ·
924 2389 930 2399 ,
1181 2350 1183 2355 ·

115 2427 129 2474 7
238 2404 420 2469 Alexander
441 2403 645 2488 phalangem,
668 2425 732 2487 qua
752 2403 834 2467 nihil
858 2402 942 2485 apud
960 2404 1215 2478 Macedonas24

149 2493 285 2558 validius
317 2497 400 2576 erat,
433 2493 468 2556 in
499 2491 605 2556 fronte
637 2492 813 2557 constituit.
867 2489 1024 2557 Dextrum
1056 2515 1162 2563 cornu

148 2579 305 2665 Nicanor,
336 2581 556 2645 Parmenionis
582 2581 680 2665 filius,
712 2580 878 2644 tuebatur:
914 2577 990 2644 huie
1017 2583 1160 2663 proximi

150 2670 280 2732 stabant
298 2666 424 2733 Coenos
447 2672 479 2732 et
497 2667 664 2733 Perdiccas
684 2671 715 2731 et
728 2667 890 2750 Meleager
908 2666 1168 2738 etPtolemaeus¹

114 2759 182 2825 set
210 2755 385 2840 Amyntas,
417 2756 467 2820 sui
498 2756 630 2838 quisque
663 2756 800 2839 agminis
832 2755 937 2819 duces.
985 2754 1024 2818 In
1054 2757 1161 2845 laem,

149 2843 235 2926 quod
257 2843 298 2906 ad
319 2865 407 2907 mare
429 2843 620 2926 pertinebat,
643 2840 793 2907 Craterus
817 2845 850 2906 et
861 2842 1032 2906 Parmenio
1055 2852 1160 2932 erant,

150 2931 205 2995 sed
233 2929 384 2996 Craterus
412 2930 616 2995 Parmenioni
647 2952 759 3013 parere
786 2931 901 2994 iussus.
950 2930 1085 3013 Equites
1114 2935 1159 3000 ab

78 3024 80 3028 ‘
148 3022 285 3101 utroque
306 3040 403 3082 comu
417 3019 529 3084 locati:
554 3018 699 3082 dextrum
712 3017 903 3083 Macedones
918 3019 1082 3085 Thessalis
1102 3022 1158 3088 ad-

114 3106 262 3191 eiuneti,
298 3107 424 3170 laevum
455 3105 683 3190 Peloponnesii
713 3106 894 3170 tuebantur.
952 3107 1040 3171 Ante
1070 3106 1159 3176 hane

149 3195 250 3258 aciem
277 3197 430 3276 posuerat
456 3193 654 3259 funditorum
681 3216 811 3258 manum
834 3194 1011 3276 sagittariis
1034 3194 1158 3261 admix-

148 3282 201 3345 tis.
246 3281 386 3349 Thraces
413 3304 538 3367 quoque
565 3287 598 3346 et
620 3281 787 3348 Cretenses
815 3283 889 3344 ante
917 3301 1034 3365 agmen
1056 3282 1159 3370 ibant,

98 3392 131 3439 ro
150 3374 183 3433 et
205 3370 267 3453 ipsi
289 3370 401 3434 leviter
424 3370 549 3435 armati.
586 3369 631 3435 At
652 3370 703 3454 iis,
726 3369 781 3454 qui
803 3368 972 3453 praemissi
992 3369 1032 3433 ab
1047 3368 1156 3438 Dareo

148 3458 260 3541 iugum
299 3458 420 3523 montis
463 3458 666 3541 insederant,
719 3457 881 3542 Agrianos
926 3459 1078 3541 opposuit
1116 3481 1157 3524 ex

149 3544 287 3610 Thracia
307 3567 411 3630 nuper
432 3546 591 3612 advectos.
630 3546 835 3612 Parmenioni
858 3548 965 3610 autem
987 3567 1154 3631 praecepe-
