2444 3908
274 124 528 180 mammenus(
545 125 759 181 manarum
776 125 825 196 11,
844 132 886 186 ro.
1025 126 1087 192 141

81 292 155 335 611111
186 269 355 353 quaerenti
385 269 490 334 socios
520 269 574 333 rel
603 269 687 335 falso
719 270 836 336 fuerim
865 271 1090 357 nominandus,

82 378 145 442 quo
176 357 320 438 facilius,
346 357 401 440 qui
422 358 657 441 temptabatur,
688 363 799 442 posset
829 359 966 443 inpelli?
1014 358 1125 431 Noni

81 446 166 510 enim
180 444 308 509 detecto
322 444 465 509 facinore
477 466 597 510 nomen
610 467 717 511 meum
731 448 908 532 praeteriit,
925 449 963 512 ut
978 451 1091 532 posset

80 533 183 598 videri
209 532 297 597 socio
323 533 521 616 pepercisse:
552 532 766 616 Nicomacho,
793 555 889 618 quem
915 534 1091 601 taciturum

81 643 198 686 arcana
223 620 264 684 de
291 621 465 704 semetipso
496 620 647 686 credebat
674 621 852 706 confessae,
884 622 959 688 aliia
987 624 1090 689 nomi-

79 710 169 774 natis
198 730 251 773 me
277 731 377 773 unum
408 709 631 774 subtrahebat
676 708 816 792 Quaeso,
844 710 1124 795 commilitones,e

81 798 110 860 si
133 795 305 862 Cebalinus
331 819 381 861 me
406 818 474 861 non
496 797 632 879 adisset,
659 797 743 861 nihil
770 819 822 863 me
849 796 887 863 de
915 798 1090 864 coniuratis

82 885 164 950 scire
186 884 358 966 voluisset,
384 906 462 948 num
488 884 586 949 hodie
608 885 747 949 dicerem
770 906 900 951 causam
926 885 1016 952 nullo
1039 908 1091 952 me

80 972 291 1038 nominante?
330 971 477 1056 Dymnus
503 993 580 1036 sane
606 971 657 1058 (ut
682 973 806 1038 viveret
829 973 961 1058 adhuci)
990 973 1124 1043 vellete

80 1061 161 1125 mihi
191 1081 336 1144 parcere:
367 1060 444 1144 quid
473 1059 593 1125 ceteri?
627 1060 683 1144 qui
714 1061 753 1126 de
781 1082 815 1126 se
845 1061 1090 1141 confitebuntur,

80 1171 133 1213 me
150 1150 303 1214 videlicet
320 1148 526 1213 subtrahent!
554 1147 699 1234 Maligna
717 1153 767 1214 est
785 1150 953 1215 calamitas
973 1152 1006 1214 et
1023 1149 1090 1215 fere

79 1237 210 1319 noxius,
234 1259 307 1301 cnm
325 1257 383 1301 suo
404 1236 562 1320 supplicio
581 1238 754 1320 crucietur,
777 1237 957 1322 adquiescit
975 1237 1089 1304 alieno.

80 1324 145 1390 Tot
168 1325 288 1390 conscii
308 1346 368 1389 nec
390 1325 425 1390 in
448 1325 592 1389 eculeum
615 1324 742 1409 quidem
764 1324 1027 1409 inpositivorum
1045 1325 1090 1390 fa·
1110 1342 1143 1393 10

80 1412 256 1478 tebuntur?
301 1411 403 1497 Atqui
425 1433 519 1477 nemo
548 1413 653 1497 parcit
674 1413 832 1479 morituro
860 1433 919 1478 uec
942 1413 1090 1499 cuiquam

29 1515 71 1580 38
81 1502 271 1584 moriturus,
293 1504 331 1565 ut
353 1501 476 1584 opinor.
519 1500 571 1565 Ad
593 1522 704 1565 verum
727 1501 849 1565 crimen
873 1505 906 1565 et
928 1501 969 1566 ad
990 1523 1090 1567 uuum
1112 1519 1142 1568 11

80 1589 304 1654 revertendum
323 1589 404 1652 mihi
422 1593 485 1652 eat:
507 1610 563 1653 our
580 1610 649 1653 rem
666 1587 808 1652 delatam
828 1588 868 1652 ad
886 1591 918 1654 16
936 1588 1091 1654 tacuisti?

82 1699 138 1742 cur
155 1681 224 1741 tam
244 1698 373 1741 securus
393 1675 533 1739 audisti?
576 1674 657 1757 Hoc,
681 1676 912 1760 qualecumque
931 1680 995 1760 est,
1018 1698 1091 1742 oon·

82 1765 168 1827 fesso
187 1763 281 1845 mihi,
303 1763 494 1845 ubicumque
513 1783 561 1845 es,
579 1761 773 1845 Alexander,
795 1762 961 1828 remisisti:
985 1763 1091 1830 dexte·

82 1873 153 1915 ram
169 1854 261 1913 tuam
276 1850 451 1931 amplexus,
469 1848 669 1914 reconciliati
687 1850 804 1933 pignus
820 1849 930 1933 animi,
944 1851 1091 1916 convivio

84 1959 211 2022 quoque
233 1936 375 2001 interfui.
410 1934 444 1999 si
463 1936 626 2000 credidisti
649 1936 743 2020 mihi,
766 1936 935 2001 absolutus
959 1959 1043 2021 sum,
1063 1937 1092 2002 si
1112 1956 1144 2005 12

82 2025 268 2110 pepercisti,
295 2024 459 2089 dimissus:
486 2024 539 2088 vel
565 2023 718 2089 iudicium
746 2027 838 2089 tuum
862 2045 963 2090 serva.
1008 2024 1091 2100 Quid

81 2115 144 2179 hae
169 2113 316 2197 proxima
338 2116 446 2194 nocte,
474 2133 538 2196 qua
566 2111 728 2195 digressus
756 2132 828 2177 eum
852 2134 871 2177 a
894 2133 1004 2178 mensa
1025 2116 1091 2192 tua,

82 2200 165 2267 feci?
203 2202 288 2285 quod
323 2222 445 2266 norum
480 2201 603 2264 facinus
637 2200 779 2266 delatum
815 2200 854 2265 ad
886 2204 920 2267 te
954 2201 1093 2267 mutavit

47 2373 52 2376 ,
84 2291 227 2354 animum
249 2288 366 2353 tuum?
402 2287 502 2353 Gravi
526 2309 640 2371 sopore
663 2288 921 2374 adquiescebam,
945 2311 1017 2355 oum
1041 2311 1092 2354 me

83 2377 178 2442 malis
192 2376 439 2442 indormientem
452 2377 533 2440 meis
547 2376 671 2440 inimici
682 2377 850 2440 vinciendo
864 2377 1092 2443 excitaverunt.

84 2465 177 2530 Unde
201 2468 234 2528 et
255 2465 436 2548 parricidae
455 2468 488 2528 et
505 2463 663 2544 proditori
687 2464 754 2526 tam
773 2464 832 2526 alti
851 2463 941 2547 quies
961 2463 1089 2528 somni?
1112 2484 1143 2534 rs

84 2551 240 2618 Scelerati
263 2552 461 2617 conscientia
481 2551 686 2632 obstrepente
710 2548 909 2614 condormire
931 2572 997 2614 non
1019 2572 1145 2634 pos-14

84 2644 172 2707 sunt:
202 2641 329 2724 agitant
352 2660 406 2702 eos
429 2636 545 2720 furiae,
572 2657 638 2702 non
660 2641 881 2702 consummato
905 2639 1014 2719 modo,
1038 2640 1092 2703 sed

84 2729 183 2792 etiam
198 2727 342 2812 cogitato
356 2723 536 2809 parricidio.
573 2724 618 2788 At
630 2723 713 2787 'mihi
728 2726 933 2791 securitatem
952 2727 1092 2810 primum

84 2816 270 2880 innocentia
302 2835 385 2893 mea,
418 2812 531 2876 deinde
563 2816 620 2877 tua
652 2811 783 2876 dextera
815 2814 990 2879 obtulerat:
1028 2837 1092 2880 non

83 2903 192 2984 timui,
211 2922 251 2965 ne
270 2902 342 2984 plus
362 2901 483 2965 alienae
503 2901 684 2964 crudelitati
704 2901 788 2985 apud
807 2905 840 2966 16
858 2902 976 2986 liceret,
996 2926 1092 2987 quam

84 2988 274 3054 elementiae
297 2993 379 3054 tuae.
420 2986 482 3052 Sed
504 3010 545 3053 ne
568 2992 601 3052 te
625 2987 704 3052 mihi
723 2989 895 3054 credidisse
920 2992 1092 3075 poeniteat,
1114 3012 1145 3060 ro

83 3100 134 3143 res
160 3079 200 3142 ad
224 3099 275 3141 me
299 3077 502 3142 deferebatur
526 3099 546 3140 a
571 3097 685 3159 puero,
709 3077 763 3160 qui
787 3099 851 3142 non
875 3081 1004 3162 testem,
1028 3102 1093 3144 non

82 3167 200 3251 pignus
219 3166 329 3231 indicii
347 3165 496 3230 exhibere
514 3168 650 3246 poterat,
669 3165 847 3247 inpleturus
865 3188 976 3231 omncs
996 3172 1093 3252 metu,

85 3255 113 3318 si
132 3254 288 3337 coepisset
307 3254 420 3318 audiri.
453 3254 619 3317 Amatoris
639 3256 671 3315 61
688 3254 785 3318 scorti
805 3255 910 3337 iurgio
930 3256 1091 3337 interponi
1113 3273 1146 3325 11

85 3363 178 3406 aures
210 3363 298 3406 meas
326 3341 447 3411 credidi
480 3341 593 3405 infelix
622 3345 654 3405 61
687 3342 780 3407 fidem
810 3343 876 3407 cius
911 3345 1094 3426 suspectam

83 3428 197 3511 habai,
229 3430 313 3513 quod
345 3453 410 3495 non
443 3429 511 3512 ipse
543 3429 693 3511 deferret,
730 3431 785 3494 sod
818 3432 951 3494 i'ratrcm
984 3430 1094 3512 potius
1153 3477 1155 3481 -

84 3517 285 3583 subornaret.
325 3517 446 3601 Timui,
468 3540 507 3582 ne
530 3522 665 3602 negaret
687 3518 855 3582 mandasse
879 3538 913 3581 so
938 3515 1155 3609 (1616111611Ι
