2444 3908
174 154 216 219 38
463 178 466 183 ·
546 156 576 221 Q.
597 155 707 212 CURTI
724 156 810 211 RUFI

172 303 305 365 ventum
327 321 394 363 non
411 300 524 382 latere,
547 300 602 364 sed
624 304 711 365 recta
732 301 839 365 fronte
863 301 990 366 direxit:
1014 322 1052 364 ea
1076 305 1190 367 cetera

173 408 271 470 opera
301 389 391 451 velut
422 388 481 451 sub
512 389 583 472 ipsa
613 389 748 452 latentia
778 389 942 453 tuebatur:
979 389 1189 454 latitudinem

173 496 299 558 quoque
329 476 440 560 aggeri
469 477 598 560 adiecit,
629 480 666 540 ut
693 480 798 541 turres
828 477 863 540 in
891 477 996 541 medio
1024 477 1188 542 excitatae

138 564 285 646 aprocul
309 564 367 626 teli
388 565 474 628 iactu
497 565 655 628 abessent.
700 564 800 628 Totas
823 567 931 628 autem
954 566 1086 629 arbores
1110 587 1188 630 cum

172 650 360 735 ingentibus
397 652 494 715 ramis
530 653 565 715 in
602 653 704 716 altum
739 653 913 735 iaciebant,
948 652 1060 716 deinde
1097 654 1188 718 saxis

173 739 353 803 onerabant
379 760 551 822 rursusque
578 741 705 804 cumulo
736 762 846 805 eorum
876 740 957 804 alias
980 741 1113 804 arbores
1136 741 1189 805 in·

171 827 325 911 iciebant,
357 831 426 891 tum
456 828 574 892 humus
606 828 837 912 aggerebatur:
875 849 970 911 super
1001 849 1085 911 quae
1120 828 1190 894 alia

172 919 259 979 strue
296 937 445 979 saxorum
481 917 694 1000 arborumque
728 917 891 979 cumulata
922 915 1010 979 velut
1042 915 1189 998 quodam

171 1025 255 1067 nexu
283 1002 452 1068 continens
478 1024 559 1085 opus
581 1004 761 1067 iunxerant.
809 1002 878 1067 Nec
901 1003 1003 1086 Tyrii,
1026 1001 1189 1087 quidquid

172 1090 212 1154 ad
243 1090 469 1174 inpediendam
505 1092 623 1154 molem
656 1091 831 1175 excogitari
862 1094 1004 1174 poterat,
1040 1091 1191 1175 segniter

122 1200 154 1248 10
172 1179 418 1260 exequebantur.
462 1176 672 1261 Praecipuum
700 1179 852 1242 auxilium
876 1182 960 1261 erat,
992 1177 1047 1261 qui
1068 1181 1191 1262 procul

170 1265 313 1329 hostium
343 1268 517 1348 conspectu
547 1266 699 1329 subibant
728 1288 844 1348 aquam
872 1267 1060 1350 occultoque
1088 1267 1191 1351 lapsu

172 1352 213 1416 ad
233 1353 352 1416 molem
370 1374 470 1436 usque
488 1354 709 1437 penetrabant,
732 1352 867 1417 falcibus
886 1354 1011 1437 palmas
1030 1353 1192 1420 arborum

172 1440 381 1504 eminentium
408 1440 449 1503 ad
477 1462 511 1504 se
537 1440 718 1523 trahentes,
748 1463 829 1524 quae
850 1442 906 1506 ubi
930 1445 1057 1504 secutae
1082 1447 1191 1527 erant,

170 1529 324 1613 pleraque
356 1549 462 1592 secum
493 1529 528 1591 in
559 1528 754 1612 profundum
787 1529 921 1592 dabant:
958 1532 1028 1593 tum
1055 1529 1189 1596 levatos

173 1638 268 1680 onere
296 1616 421 1700 stipites
447 1619 642 1699 truncosque
670 1617 821 1679 arborum
842 1616 930 1679 haud
953 1637 1047 1700 aegre
1070 1619 1189 1683 molie-

172 1704 305 1768 bantur:
342 1703 455 1768 deinde
491 1707 596 1768 totum
629 1725 722 1787 opus,
761 1703 847 1788 quod
879 1704 1042 1787 stipitibus
1074 1703 1190 1771 fuerat

171 1792 331 1876 innixum,
354 1793 562 1857 fundamento
585 1791 676 1875 lapso
700 1792 900 1877 sequebatur.

122 1903 152 1950 11
261 1880 369 1966 Aegro
392 1881 491 1944 animi
514 1881 695 1945 Alexandro
717 1902 791 1961 nec,
820 1881 1039 1963 perseveraret
1060 1899 1106 1942 an
1130 1881 1190 1946 ab·

171 1970 246 2053 iret,
270 1971 348 2033 satis
372 1973 458 2033 certo
489 1969 600 2033 classis
624 1966 731 2052 Cypro
754 1968 883 2031 advenit
905 1967 1078 2049 eodemque
1102 1971 1190 2033 tem-

172 2078 250 2139 pore
273 2055 429 2121 Cleander
456 2077 528 2119 cum
551 2055 679 2119 Graecis
706 2056 862 2119 militibus
885 2055 919 2118 in
942 2053 1055 2117 Asiam
1077 2074 1191 2138 nuper

173 2143 324 2206 advectis.
378 2160 398 2207 c
430 2144 463 2205 et
493 2159 537 2206 xc
573 2142 704 2225 navigia
739 2143 774 2204 in
805 2142 868 2205 duo
901 2141 1014 2205 dividit
1045 2162 1189 2208 cornua:

171 2231 299 2293 laevum
322 2229 540 2312 Pnytagoras,
562 2251 618 2292 rex
641 2227 839 2311 Cypriorum,
861 2250 935 2292 cum
958 2227 1091 2293 Cratero
1115 2233 1189 2296 tue-

172 2317 278 2399 batur,
300 2316 519 2381 Alexandrum
541 2317 576 2380 in
594 2316 704 2380 dextro
724 2316 961 2401 quinqueremis
979 2316 1069 2401 regia
1086 2318 1191 2383 vehe-

122 2430 154 2478 12
173 2406 239 2469 bat.
287 2404 355 2470 Nec
384 2404 486 2490 Tyrii,
518 2426 710 2490 quamquam
739 2406 874 2468 classem
902 2404 1080 2486 habebant,
1114 2408 1191 2473 ausi

173 2495 288 2559 navale
310 2495 391 2559 inire
414 2497 593 2559 certamen:
625 2493 684 2557 tris
708 2494 839 2558 omnino
863 2496 938 2556 ante
961 2493 1033 2575 ipsa
1054 2496 1191 2561 moenia

174 2586 407 2667 opposuerunt,
430 2583 545 2666 quibus
568 2603 624 2646 rex
645 2582 791 2646 invectus
813 2583 877 2646 totu
898 2581 969 2663 ipso
993 2580 1158 2646 demersit

123 2694 154 2742 13
261 2669 396 2734 Postera
430 2669 480 2734 die
514 2671 615 2734 classe
647 2670 687 2733 ad
719 2670 847 2734 moenia
879 2668 1009 2732 admota
1039 2667 1217 2753 undiqucl

173 2758 344 2822 tormentis
368 2760 400 2821 et
420 2758 557 2821 maxime
576 2758 712 2821 arietum
724 2759 819 2841 pulsu
834 2778 942 2820 muros
957 2753 1075 2839 quatit:
1100 2777 1188 2839 quos

173 2845 264 2929 Tyrii
294 2846 413 2929 raptim
445 2845 618 2909 obstructis
651 2844 735 2908 saxis
767 2845 961 2925 refecerunt,
994 2841 1189 2911 interiorem

174 2954 300 3017 quoque
323 2955 463 3016 murum,
485 2936 535 3016 ut,
558 2933 586 2996 si
607 2931 696 3014 prior
717 2931 896 3014 fefellisset,
918 2931 973 2994 illo
997 2949 1030 2992 se
1053 2931 1187 2999 tueren-

123 3047 156 3095 14
173 3025 239 3104 tur,
270 3020 411 3105 undique
444 3022 516 3085 orsi.
566 3018 628 3084 Sed
655 3018 794 3102 undique
821 3020 870 3083 vis
899 3018 978 3081 mali
1005 3018 1187 3101 urguebat:

174 3111 274 3173 moles
301 3109 389 3172 intra
414 3110 471 3173 teli
498 3109 618 3172 iactum
645 3111 729 3190 erat,
761 3107 872 3170 classis
899 3105 1027 3170 moenia
1049 3105 1187 3173 circum·

173 3198 255 3261 ibat:
269 3197 412 3261 terrestri
426 3197 520 3261 simul
530 3195 699 3279 navalique
712 3194 801 3257 clade
810 3194 1036 3257 obruebantur.
1055 3191 1187 3280 Quippe

173 3286 267 3350 binas
295 3285 510 3368 quadriremes
537 3283 729 3347 Macedones
755 3282 841 3345 inter
868 3303 902 3344 se
928 3281 976 3345 ita
1002 3282 1188 3369 iunxerant,

173 3379 211 3440 ut
232 3394 347 3459 prorae
370 3373 584 3454 cohaererent,
606 3369 931 3455 puppesintervallo,
954 3372 1110 3453 quantum
1132 3394 1186 3437 ca·

123 3486 156 3536 15
173 3485 249 3549 pere
280 3465 444 3547 poterant,
480 3461 650 3524 distarent:
686 3459 749 3523 hoc
783 3457 939 3540 puppium
974 3458 1187 3525 intervallum

46 3570 63 3656 p
174 3552 335 3617 antemnis
362 3549 585 3633 asseribusque
615 3546 730 3612 validis
759 3544 907 3630 deligatis
937 3566 1095 3629 superque
1127 3568 1186 3615 eos
