2444 3908
78 192 98 254 8
295 239 297 243 ,
428 189 458 255 Q.
480 186 589 244 CURTI
607 189 694 243 PcUl'l

24 355 58 404 27
79 334 178 399 colori
200 338 298 416 veste,
322 333 376 396 sed
390 332 476 398 ferro
492 336 587 417 atque
602 355 674 398 acre
688 333 900 417 fulgentibus:
924 354 1043 417 agmen
1056 338 1093 400 et

77 426 162 486 stare
188 425 337 505 paratum
365 426 397 487 et
425 421 527 504 sequi,
558 442 619 485 neo
641 421 736 484 turba
758 442 817 484 nco
841 422 974 485 sarcinis
997 443 1091 505 prae-

77 529 182 593 grave,
206 509 366 573 intentum
384 509 425 572 ad
444 508 531 573 ducis
550 530 617 573 non
636 509 765 593 signum
787 509 896 591 modo,
920 509 1093 574 sedetiam

77 599 200 661 nutum.
242 596 287 661 Et
310 597 424 660 castris
447 594 537 660 locus
566 599 598 660 et
622 595 774 661 exercitui
796 600 991 662 commeatus
1014 620 1092 681 sup-

24 704 59 754 22
77 685 239 766 petebant.
283 683 373 769 Ergo
396 683 581 748 Alexandro
611 684 647 747 in
675 684 742 747 acic
764 684 856 747 miles
879 705 946 748 non
973 684 1092 750 defuit:

77 770 260 856 Dareus,t
261 776 318 837 222
319 794 356 836 22
383 772 475 836 multi
477 771 597 836 tudinis
625 793 695 855 rex,
724 771 831 922 loci,
821 794 856 835 22
879 794 941 855 quo
965 792 1092 857 pugna-

76 860 140 942 vit,
172 864 291 944 angust
292 861 331 924 iis
362 860 509 924 redactus
543 862 592 924 est
578 859 663 924 tad·
688 859 898 949 paucitatem,
931 882 1027 944 quarn
1054 861 1092 925 in

76 909 152 1012 host
138 951 170 1013 te
193 969 254 1013 con
254 950 463 1029 t.empserat

500 1102 658 1172 02212.

44 1230 56 1278 1
164 1209 220 1273 122
205 1211 293 1273 terea
315 1207 497 1273 Alexander
519 1210 728 1274 Abistamene
753 1205 1089 1311 Cappadociae‘prae·
1106 1214 1129 1280 9

76 1296 183 1380 posito
149 1295 352 1360 tCiliciam
378 1300 491 1380 petens
519 1319 592 1361 curn
620 1299 767 1363 omnibus
796 1299 895 1381 copiis
928 1299 963 1362 22
985 1299 1090 1380 regio-

76 1405 164 1466 nem,
188 1405 268 1466 quae
292 1388 397 1449 castra
421 1382 495 1468 Cyri
518 1385 658 1468 appellat
659 1408 707 1468 ur,
729 1389 1000 1484 perveneratt
963 1383 1035 1449 Stat
1001 1385 1091 1450 ativa

12 1471 142 1534 21122
165 1470 321 1535 habuerat
307 1470 448 1556 tCyrus,
471 1493 544 1536 cum
567 1472 717 1536 adversus
733 1458 915 1536 Croesum
906 1494 941 1534 1n
954 1471 1090 1554 Lydiam

7 1544 57 1627 2
78 1558 213 1622 duceret.
246 1558 369 1623 Aberat
391 1580 429 1622 22
445 1560 534 1643 regio
554 1558 837 1643 quinquagintat
807 1580 821 1622 s
823 1558 917 1622 tadia
929 1559 970 1622 ab
990 1559 1089 1644 aditu,
1147 1558 1151 1564 ’

22 1643 57 1731 q
77 1667 145 1728 quo
160 1636 377 1711 Ciliciam't
328 1649 377 1710 222
378 1668 499 1710 ramus:
522 1644 618 1730 Pylas
636 1646 762 1710 incolae
781 1645 960 1709 dicuntt
909 1669 945 1709 ar
946 1646 1089 1711 tissimas

57 1732 200 1834 222222,
223 1734 432 1817 munimenta,
455 1755 535 1817 quae
558 1755 656 1797 manu
679 1735 837 1818 ponimus,
858 1734 1000 1798 naturali
1022 1733 1089 1798 situ

41 1821 133 1890 simi
134 1824 250 1886 tantos.
294 1821 398 1906 Igitur
421 1820 588 1904 Arsames,
620 1823 676 1907 qui
698 1821 827 1888 Ciliciae
850 1825 1010 1905 praeerat,
1039 1843 1088 1886 re·.
1118 1874 1126 1903 ·.

77 1913 208 1994 puteano,
240 1911 316 1995 quid
343 1910 435 1975 initio
465 1911 541 1974 belli
568 1909 698 1975 Memno
727 1910 894 1992 suasisset,
926 1909 1088 1992 quondam
1167 1980 1171 1987 ,

78 1998 205 2062 salubre
235 1999 402 2063 consilium
436 2019 506 2062 sero
539 1999 651 2080 exequi
679 1999 807 2061 statuit:
843 1997 913 2079 igni
938 1997 1088 2079 ferroque

78 2081 223 2148 Ciliciam
250 2088 370 2166 vastat,
397 2087 434 2147 ut
455 2084 542 2147 hosti
565 2083 770 2147 solitudinem
791 2083 904 2146 faciat:
935 2082 1088 2166 quidquid
1140 2126 1152 2139 .·

78 2170 151 2233 usui
178 2173 390 2252 potestesse,
423 2170 598 2251 corrumpit
631 2170 738 2249 sterile
766 2190 804 2233 22
829 2169 951 2234 nudum
975 2171 1088 2254 solum,

42 2278 60 2326 4
80 2257 201 2341 quod
187 2257 270 2320 tueri
291 2257 455 2341 nequibat,
467 2256 566 2321 221222
552 2259 651 2320 turns.
691 2255 753 2320 Sed
775 2258 870 2340 longe
893 2258 1003 2322 utilius
1026 2258 1090 2323 fuit
1116 2327 1129 2334 ,

79 2347 197 2428 angust
197 2344 245 2409 ias
269 2345 335 2409 adit
321 2348 387 2428 tus,
415 2343 470 2427 qui
492 2342 637 2409 Ciliciam
660 2345 775 2428 aperit,
802 2344 908 2411 valido
932 2366 1114 2429 occupare,
1171 2412 1173 2418 ,

78 2433 273 2515 pracsidio
264 2453 437 2518 iugumque
466 2436 644 2516 opportune
670 2432 814 2497 itineri
804 2454 976 2511 imminens
1007 2433 1088 2497 obti-
1134 2451 1136 2455 ·

78 2541 166 2604 2222,
197 2521 282 2585 unde
313 2521 435 2585 inultus
464 2521 602 2585 subeunt
587 2523 653 2584 tem
682 2520 757 2584 host
743 2524 828 2583 tcm-
814 2506 907 2586 2222
916 2510 1089 2609 prohibere

43 2628 60 2676 2
80 2611 135 2671 222
154 2609 331 2691 opprimere
350 2609 520 2693 potuisset:
543 2630 628 2673 nuno
644 2609 764 2692 paucis,
782 2631 836 2692 qur
828 2605 984 2674 callibus
997 2629 1088 2693 prae·

80 2695 229 2778 siderent,
251 2696 371 2760 relictis
394 2697 511 2760 retro
502 2717 570 2778 rpse
594 2697 759 2780 concessit,
781 2698 953 2780 populator
974 2700 1088 2778 terrae,

80 2803 176 2864 quam
204 2805 224 2846 2
249 2784 383 2867 populat
369 2784 511 2848 tionibus
538 2782 698 2846 vindicare
726 2783 871 2848 debebat.
915 2783 1003 2866 Ergo
1034 2784 1089 2865 qui

84 2870 186 2934 relicti
212 2874 317 2953 erant,
348 2870 454 2952 prodit
456 2892 492 2935 os
519 2891 553 2935 se
580 2870 643 2933 rati
669 2891 709 2934 ne
732 2874 937 2971 conspectum
961 2869 1088 2953 quidem

79 2956 164 3021 host
140 2961 182 3020 trs
212 2979 265 3021 sus
267 2958 368 3021 tinere
397 2959 579 3041 valuerunt,
612 2979 683 3021 cum
712 2958 777 3022 vel
771 2959 955 3109 tpauciores
982 2958 1088 3023 locum

44 3044 225 3145 aobtinere
256 3067 297 3128 po
301 3046 445 3109 tuissent.
494 3043 642 3146 Namque
673 3065 769 3127 perpe
771 3049 827 3110 tuo
858 3045 935 3129 iugo
968 3045 1088 3108 montis
1101 3040 1144 3114 1'0

81 3132 185 3215 asperi
203 3153 240 3196 22
258 3131 419 3219 praenbpt
409 3154 421 3196 1
395 3130 575 3198 tCilicia
566 3153 617 3211 222
617 3132 750 3196 luditur:
774 3133 859 3216 quod
878 3153 951 3195 cum
969 3153 988 3195 a
1007 3133 1088 3196 mari

80 3220 241 3304 adsurgat,
264 3221 353 3285 velut
374 3221 453 3293 sinu
466 3207 604 3304 quodam
618 3219 763 3304 flexuque
778 3222 954 3301 curvatum,
976 3240 1086 3284 rursus

45 3327 60 3377 2
81 3308 181 3372 212222
204 3328 303 3372 22222
325 3309 360 3371 22
382 3307 541 3371 diversum
563 3307 602 3370 lit
588 3310 640 3371 tus
664 3307 810 3371 excurrit
787 3306 911 3370 tPer
932 3307 994 3371 hoc
1017 3306 1088 3372 dor·

81 3417 164 3480 sum,
196 3417 259 3480 qua
289 3397 427 3460 maxime
456 3393 614 3460 introrsus
646 3395 729 3459 mari
759 3384 855 3476 cedit,
887 3395 992 3478 asperi
1021 3399 1088 3461 tres

80 3483 241 3548 adituset
226 3482 450 3584 tperangusti
469 3485 544 3547 2222
543 3503 711 3583 ,quorum
729 3504 793 3546 uno
809 3445 920 3548 Cilicia
938 3483 1089 3548 intranda

43 3574 138 3641 8222
165 3569 519 3695 92222222222221222,
532 3592 596 3655 qua
610 3570 716 3654 vergit
701 3569 778 3634 tad
800 3592 898 3655 mare,
919 3572 1088 3671 planitiem

143 3698 176 3795 ,Ι
