2444 3908
316 143 571 200 HISTORIARUM
589 143 804 200 ALEXANDRI
821 145 868 214 VI,
887 151 911 199 8.
1057 145 1118 208 121

114 287 205 354 Sicut
226 289 262 353 in
285 289 473 372 corporibus
502 289 623 373 aegris,
650 289 784 374 milites,
810 289 893 354 nihil
921 288 1006 374 quod
1033 289 1120 354 noci-

111 380 220 440 turum
245 379 294 441 est
316 377 433 441 medici
454 377 652 461 relinquunt,
675 377 722 441 sic
743 398 816 460 nos,
840 376 992 462 quidquid
1011 377 1120 442 obstat

112 464 262 548 imperio,
290 464 477 529 recidamus.
522 464 628 530 Parva
651 486 747 549 saepe
770 465 912 530 scintilla
934 469 1120 549 contempta

111 572 265 634 magnum
284 553 437 617 excitavit
457 552 647 618 incendium.
687 553 744 618 Nil
761 556 834 618 tuto
853 554 886 618 in
904 553 998 619 hoste
1017 554 1120 637 despi-

111 640 208 705 citur:
232 661 327 724 quem
349 640 524 724 spreveris,
547 641 760 706 valentiorem
782 641 989 726 neglegentia
1010 642 1120 708 facias.

109 725 160 792 Ne
178 726 305 792 Dareus
329 728 457 813 quidem
479 729 710 794 hereditarium
729 728 900 793 Persarum
921 731 1045 813 accepit
1062 731 1120 794 im·
1140 749 1173 796 12

111 815 250 898 perium,
274 815 388 881 sedin
411 817 518 881 sedem
542 815 618 900 Gyri
641 817 797 882 beneficio
821 817 963 901 Bagoae,
986 818 1119 881 castrati

111 903 261 988 hominis,
282 904 455 970 admissusz
478 926 519 969 ne
542 927 601 969 vos
619 926 737 989 magno
757 905 868 969 labore
887 904 1023 969 credatis
1043 904 1120 968 Bes-

79 994 183 1058 9sum
205 1013 341 1058 vacuum
368 1012 504 1077 regnum
532 997 770 1076 occupaturum.
814 991 884 1056 Nos
909 1014 985 1058 vero
1012 1012 1174 1075 pecca-13

111 1080 230 1164 vimus,
257 1080 391 1164 milites,
418 1081 447 1145 si
468 1079 611 1145 Dareum
639 1082 681 1145 ob
703 1081 765 1145 hoc
787 1081 937 1164 vicimus,
964 1082 1001 1144 ut
1027 1101 1120 1145 servo

113 1169 181 1232 eius
208 1168 408 1232 traderemus
431 1169 617 1253 imperium,
646 1170 701 1252 qui
722 1167 874 1234 ultimum
898 1189 993 1232 ausus
1017 1168 1120 1232 scelus

111 1275 221 1339 regem
249 1277 356 1340 suum,
383 1257 483 1320 etiam
507 1260 656 1321 externae
680 1257 750 1340 opis
773 1260 935 1340 egentem,
961 1259 1047 1320 certe
1070 1256 1121 1319 cui

110 1365 171 1408 nos
190 1344 328 1409 victores
349 1344 612 1429 pepercissemus,
635 1345 728 1429 quasi
749 1345 913 1428 captivum
931 1344 966 1407 in
984 1343 1120 1408 vinculis

112 1431 241 1515 habuit,
273 1431 313 1496 ad
344 1433 510 1517 ultimum,
542 1454 582 1496 ne
615 1455 634 1496 a
660 1433 754 1497 nobis
788 1432 972 1496 conservari
1003 1434 1121 1515 posset,

112 1519 237 1584 occidit.
282 1519 377 1584 Hunc
399 1542 456 1585 vos
479 1541 616 1606 regnare
638 1520 826 1604 patiemini?
856 1541 950 1603 quem
974 1519 1120 1603 equidem
1142 1537 1175 1585 14

112 1609 198 1672 cruci
226 1608 366 1673 adfixum
388 1609 496 1673 videre
523 1609 657 1693 festino,
685 1609 834 1673 omnibus
862 1608 994 1691 regibus
1018 1608 1121 1690 genti·

112 1696 236 1778 busque
260 1700 293 1760 et
319 1695 422 1779 Fidei,
450 1718 547 1780 quam
574 1697 723 1776 violavit,
750 1696 882 1760 meritas
910 1716 1029 1779 poenas
1058 1696 1120 1760 sol-

113 1785 256 1847 ventem!
295 1782 342 1846 At
361 1783 499 1867 hercule,
518 1785 547 1847 si
565 1805 638 1848 mox
658 1785 791 1848 eundem
811 1783 1007 1847 Graecorum
1025 1783 1121 1847 urbes
1143 1803 1176 1851 lo

114 1875 171 1934 aut
197 1867 444 1953 Hellespontum
471 1875 600 1935 vastare
627 1872 811 1935 nuntiatum
835 1871 896 1933 erit
922 1869 1027 1952 vobis,
1059 1892 1122 1953 quo

114 1958 226 2023 dolore
250 1958 453 2041 adficiemini,
474 1957 611 2022 Bessum
634 1960 778 2042 praemia
800 1960 926 2021 vestrae
949 1978 1123 2040 occupasse

113 2046 291 2110 victoriae?
333 2046 423 2110 Tunc
447 2046 486 2110 ad
513 2047 703 2128 repetendas
731 2068 783 2110 res
811 2045 1019 2129 festinabilis,
1046 2049 1124 2110 tune

114 2156 205 2198 arma
224 2135 367 2217 capietis.
408 2133 535 2209 Quanto
556 2137 662 2198 autem
681 2137 833 2218 praestat,
851 2134 1001 2198 territum
1019 2133 1124 2198 adhuc
1143 2155 1177 2203 ro

115 2225 148 2286 et
169 2223 223 2287 vix
247 2223 364 2286 mentis
393 2243 469 2287 suae
498 2226 680 2305 compotem
708 2223 902 2306 opprimere!
949 2221 1124 2296 Quadridui

113 2310 209 2374 nobis
232 2311 294 2374 iter
316 2313 475 2394 superest,
503 2311 558 2393 qui
583 2314 634 2376 tot
655 2311 912 2393 proculcavimus
939 2310 1047 2392 nives,
1060 2313 1125 2373 ‘tot

116 2419 226 2461 amnes
245 2399 475 2483 superavimus,
493 2402 544 2462 tot
560 2400 716 2464 montium
731 2400 809 2482 iuga
822 2398 1122 2463 transcucurrimus.

115 2483 191 2550 Non
204 2506 292 2550 mare
305 2486 395 2569 illud,
415 2485 499 2570 quod
519 2490 709 2550 exaestuans
728 2487 791 2549 iter
809 2485 959 2548 fluctibus
979 2487 1124 2568 occupat,

116 2576 228 2638 euntes
250 2595 311 2639 nos
333 2578 492 2655 moratur,
519 2595 584 2636 non
608 2571 741 2637 Ciliciae
768 2572 876 2635 fauces
900 2575 932 2634 et
955 2573 1124 2655 angustiae

115 2657 296 2726 includunt:
319 2662 419 2744 plana
442 2661 551 2724 omnia
574 2665 606 2724 et
623 2682 725 2743 prona
744 2663 826 2725 sunt.
866 2659 903 2723 ln
923 2659 994 2742 ipso
1013 2660 1124 2724 limine

115 2750 271 2814 victoriae
298 2752 430 2813 stamus
475 2747 574 2811 Pauci
599 2748 694 2813 nobis
719 2748 850 2833 fugitivi
873 2751 906 2811 et
929 2747 1049 2811 domini
1074 2749 1176 2818 sui1r

114 2836 335 2902 interfectores
369 2840 549 2918 supersunt.
600 2836 792 2923 Egregium,
822 2836 1015 2918 mehercule,
1043 2857 1123 2919 opus

117 2927 150 2987 et
166 2923 251 2987 inter
268 2925 374 3007 prima
392 2924 514 3007 gloriae
536 2928 663 2989 vestrae
686 2925 917 2989 numerandum
939 2925 1123 3005 posteritati

115 3011 284 3095 famaeque
320 3013 468 3094 tradetis,
503 3011 601 3076 Darei
633 3035 759 3096 quoque
789 3013 893 3076 hostis
926 3012 1017 3074 finito
1050 3016 1125 3093 post

115 3103 254 3165 mortem
273 3099 361 3164 illius
380 3099 453 3163 odio
472 3101 648 3182 parricidas
673 3122 741 3165 esse
761 3123 817 3164 vos
840 3101 941 3181 ultos,
963 3100 1123 3163 neminem

115 3188 239 3273 inpium
254 3188 405 3272 effugisse
419 3193 542 3252 vestras
557 3211 681 3254 manus.
708 3189 778 3254 Hoc
792 3192 987 3272 perpetrato,
1003 3191 1123 3270 quanto
1144 3209 1175 3256 18

115 3276 245 3341 creditis
268 3275 384 3342 Persas
413 3277 674 3360 obsequentiores
701 3277 783 3356 fore,
812 3299 883 3340 cum
906 3276 1124 3339 intellexerint

115 3385 172 3429 vos
199 3365 253 3448 pia
280 3365 368 3430 bella
398 3366 559 3448 suscipere
583 3371 615 3429 et
637 3365 729 3429 Bessi
754 3366 879 3439 sceleri,
906 3386 969 3427 non
1000 3362 1121 3427 nomini

116 3473 175 3516 suo
198 3453 328 3518 irascil'
