2444 3908
139 107 204 169 140
510 106 542 169 Q.
562 104 671 158 CURTl
688 104 775 158 RUFI

137 249 274 314 scientia
301 247 431 313 sceleris
463 247 529 312 sive
560 247 694 331 periculi
724 246 945 331 magnitudine
973 269 1088 316 amens
1118 252 1154 314 et

138 337 309 419 attonitus,
335 357 402 400 non
429 335 577 400 attollere
605 335 729 420 oculos,
757 357 824 400 non
850 335 973 400 hiscere
997 336 1155 402 audebat.

84 447 118 494 01
136 424 292 490 Lacrimis
315 424 429 489 deinde
452 423 657 488 manantibus
684 423 848 507 linquente
872 423 980 488 animo
1005 424 1038 487 in
1064 446 1154 508 eum,

138 536 158 577 a
180 533 243 597 quo
266 513 451 596 tenebatur,
480 511 641 577 incubuit:
674 512 891 595 abstersisque
915 511 1055 577 amiculo
1078 513 1152 578 eius

138 601 239 665 oculis
262 600 421 684 paulatim
443 599 599 682 recipiens
623 599 774 684 spiritum
802 621 840 664 ac
862 621 974 664 vocem
1001 600 1152 666 dicturus

84 711 119 759 34
138 689 315 753 videbatur.
368 685 501 770 Iamque
537 709 593 752 rex
629 688 757 753 intuens
794 709 881 771 eum,
917 687 1153 775 ‘Macedones’,

136 777 256 861 inquit,
280 775 329 840 ‘de
357 778 391 840 te
414 774 586 840 iudicaturi
609 778 697 846 sunt:
724 797 856 858 quaero,
885 797 927 839 an
950 777 1057 860 patrio
1082 798 1152 842 ser·

85 886 232 935 1111010
261 865 306 929 sis
334 862 420 946 apud
443 885 499 928 001
527 861 663 928 usurus'.
708 861 792 927 Tum
813 863 974 946 Philotas,
1002 863 1152 930 ‘Praeter

137 950 353 1036 Macedonas',
390 951 508 1034 inquit,
544 950 701 1036 ‘plerique
733 951 864 1033 adsunt,
898 973 978 1036 quos
1011 952 1151 1039 facilius,

139 1064 221 1126 quae
234 1041 348 1123 dicam,
366 1042 574 1122 percepturos
588 1040 737 1122 arbitror,
757 1041 786 1104 11
805 1040 916 1105 eadem
928 1041 1042 1124 lingua
1056 1041 1151 1106 fuero

139 1151 229 1210 usus,
259 1149 323 1212 qua
349 1129 386 1190 tu
413 1126 524 1208 egisti,
551 1148 618 1191 non
645 1128 686 1192 cb
714 1127 815 1210 aliud,
843 1129 949 1212 credo,
982 1151 1081 1212 quam
1112 1136 1152 1195 ut

85 1238 120 1288 aa
138 1216 242 1281 011110
274 1219 332 1278 tua
362 1213 510 1298 intellegi
545 1219 657 1298 posset
688 1238 707 1279 a
737 1215 907 1298 pluribus'.
961 1217 1046 1281 Tum
1083 1239 1152 1304 rex,

138 1302 274 1385 ‘Ecquid
300 1300 416 1366 videtis
444 1301 523 1367 adeo
552 1303 649 1366 etiarn
681 1303 836 1368 sermonis
867 1305 967 1387 patrii
993 1303 1152 1370 Philotan

137 1387 289 1455 taedere?
314 1389 401 1453 solus
420 1389 537 1474 quippe
559 1389 699 1454 fastidiit
717 1411 791 1453 eum
813 1391 944 1457 discere.
981 1389 1043 1456 Sed
1062 1394 1152 1460 dicat

139 1500 230 1562 sane,
252 1481 424 1560 utcumque
447 1477 477 1540 01
500 1477 588 1541 cordi
611 1481 673 1562 est,
696 1478 773 1542 dum
797 1481 1023 1563 memineritis,
1047 1504 1152 1567 aeque

138 1567 230 1631 illum
262 1589 282 1630 a
312 1569 425 1630 nostre
461 1585 550 1629 more
587 1586 683 1648 quam
720 1587 739 1629 a
771 1588 917 1632 sermone
953 1568 1151 1634 abhorrere'.

139 1656 246 1738 Atque
269 1653 317 1717 ita
339 1653 490 1717 contione
513 1654 658 1719 excessit.

572 1810 651 1878 Car.
673 1811 713 1878 X.

105 1941 120 1987 1
227 1917 310 1982 Tum
327 1916 491 2001 Philotas,
510 1917 651 2002 ‘Verba’,
673 1919 791 2003 inquit,
814 1919 989 1985 ‘innocenti
1007 1922 1151 2002 reperire
1160 1920 1199 1985 3⁷

138 2007 233 2072 facile
261 2010 323 2086 est,
354 2006 485 2071 modum
516 2003 687 2071 verborum
718 2007 835 2071 misero
867 2012 976 2073 tenere
1008 2007 1151 2076 difficile.

104 2093 253 2177 altaque
284 2094 368 2156 inter
400 2094 557 2176 optimam
589 2095 818 2158 conscientiam
848 2101 881 2161 01
909 2095 1149 2178 iniquissimam

140 2181 304 2245 fortunam
333 2179 507 2244 destitutus
534 2181 663 2263 ignoro,
692 2183 851 2264 quomodo
880 2187 913 2248 01
939 2184 1047 2250 animo
1075 2207 1151 2253 meo

104 2273 173 2337 aet
201 2267 342 2349 tempori
372 2288 512 2350 paream.
562 2267 666 2333 Abest
697 2270 826 2351 quidem
859 2272 1000 2354 optimus
1033 2294 1151 2341 causae

140 2377 230 2420 meae
257 2353 365 2420 iudex:
398 2355 453 2438 qui
483 2376 540 2419 cur
571 2377 623 2420 me
654 2356 724 2439 ipse
756 2357 866 2424 audire
897 2360 1051 2447 noluerit,
1082 2384 1150 2428 non

140 2444 322 2509 mehercule
351 2443 511 2527 excogito,
539 2465 612 2509 cum
636 2444 687 2509 1111
710 2445 873 2530 utrimque
897 2449 1029 2531 cognita
1052 2471 1150 2516 causa

138 2538 209 2598 tam
232 2532 384 2598 damnare
406 2554 457 2596 me
480 2532 586 2616 liceat,
609 2554 706 2616 quam
727 2534 906 2601 absolvere:
929 2558 995 2600 non
1017 2538 1150 2621 cognita

139 2642 215 2687 vero
233 2621 366 2685 liberari
386 2621 425 2685 ab
448 2620 582 2685 absente
602 2643 668 2685 non
690 2642 835 2706 possum,
858 2624 914 2707 qui
937 2647 956 2688 a
978 2628 1148 2707 praesente

103 2709 310 2775 4damnatus
338 2730 418 2773 sum.
468 2706 529 2772 Sed
558 2730 753 2792 quamquam
778 2711 879 2775 vincti
909 2710 1052 2776 hominis
1080 2734 1149 2777 non

140 2817 336 2878 supervacua
359 2796 478 2878 solum,
507 2795 563 2859 sed
591 2797 690 2860 011111
712 2797 817 2862 invisa
839 2797 982 2863 defensio
1006 2804 1069 2885 est,
1092 2801 1149 2886 qui

139 2882 275 2948 iudicem
291 2903 356 2946 non
371 2882 485 2947 docere
498 2881 634 2964 videtur,
653 2884 708 2948 sed
722 2905 869 2969 arguere:
888 2889 1008 2974 tamen,
1024 2892 1149 2953 utcum-

140 2992 200 3055 que
219 2970 295 3034 licet
312 2991 363 3034 me
382 2971 496 3056 dicere,
514 2975 633 3036 memet
650 2971 719 3054 ipse
738 2994 803 3038 non
822 2974 967 3039 deseram
985 2996 1045 3039 nec
1063 2997 1150 3041 com·

104 3081 120 3129 5
140 3059 278 3137 mittam,
291 3062 328 3123 ut
341 3058 512 3124 damnatus
527 3061 627 3124 011111
640 3081 713 3124 mea
727 3063 887 3127 sententia
900 3062 1019 3127 uidear.
1049 3062 1149 3148 Equi·

139 3148 220 3230 dem,
235 3147 325 3211 cuius
339 3147 483 3212 criminis
496 3169 570 3212 reus
585 3149 656 3231 sim,
669 3170 735 3212 non
747 3148 852 3214 video:
866 3150 950 3214 inter
963 3151 1150 3218 coniuratos

138 3256 232 3301 nemo
252 3256 303 3299 me
321 3235 481 3318 nominat,
506 3234 544 3300 de
563 3258 614 3300 mc
632 3234 849 3302 Nicomachus
867 3237 951 3302 nihil
972 3239 1066 3322 dixit,
1088 3237 1149 3306 Oe·

103 3323 267 3394 abelinus
290 3324 377 3407 plus,
400 3345 497 3407 quam
521 3323 677 3408 audierat,
700 3325 782 3389 scire
800 3347 866 3390 non
888 3327 1006 3409 potuit.
1038 3327 1152 3412 nequi

139 3412 370 3478 coniurationis
389 3415 487 3494 caput
508 3433 560 3477 me
582 3411 683 3482 fuisse
706 3414 807 3478 credit
828 3414 898 3477 rex!
933 3413 1047 3479 Potuit
1069 3435 1153 3500 ergo

137 3499 286 3585 Dymnus
306 3522 378 3566 eum
399 3500 589 3586 praeterire,
612 3522 707 3585 quem
726 3501 934 3587 sequebatur,
955 3503 1152 3585 praesertim
