2444 3908
286 132 540 190 HISTORIARUM
556 133 775 189 ALEXANDRI
792 133 852 203 VII,
873 140 896 190 1.
916 140 941 188 2.
1054 132 1118 196 153

543 327 623 395 Ore.
646 329 687 398 Π.

81 471 104 537 6
201 450 287 516 Dum
306 453 385 517 haec
403 451 565 540 Amyntas
585 454 662 538 agit,
680 454 765 518 forte
785 455 1045 537 supervenerunt,
1064 453 1119 535 qui
1138 463 1152 512 1

111 539 247 605 fratrem
279 541 346 606 eius
376 541 599 624 Polemonem,
636 542 675 605 de
707 563 770 624 quo
803 545 877 604 ante
909 544 959 605 est
989 540 1119 624 dictum,

111 628 291 712 fugientem
306 629 468 693 consecuti
483 629 627 693 vinetum
640 628 845 694 reducebant.
876 627 997 692 Infesta
1011 629 1117 692 contio

111 717 165 781 rix
192 716 334 781 inhiberi
361 717 481 800 potuit,
510 717 588 800 quin
614 719 763 799 protinus
792 737 961 781 suomore
985 716 1120 779 sarain

113 824 186 866 eum
205 805 331 869 iaceret.
372 803 481 888 Atque
498 805 554 869 ille
574 826 651 869 sane
668 805 845 888 interritus,
864 802 986 884 ‘Nihil',
1003 803 1153 887 inquit,a

114 890 183 972 ‘pro
207 912 259 954 me
281 892 448 976 deprecor,
475 894 570 958 modo
593 915 633 956 ne
656 893 793 958 fratrum
816 891 1018 957 innocentiae
1041 891 1119 974 fuga

111 979 290 1062 imputetur
317 1001 397 1044 mea.
441 980 531 1045 Haec
559 981 588 1044 si
616 980 742 1045 defendi
768 1002 834 1044 non
861 983 982 1063 potest,
1011 1000 1118 1043 meum

113 1067 231 1130 crimen
264 1066 316 1131 sit.
369 1065 495 1131 Horum
524 1067 565 1131 ob
593 1068 626 1132 id
653 1069 759 1151 ipsum
786 1069 901 1132 melior
931 1072 981 1132 est
1013 1088 1119 1148 causa,

113 1155 197 1237 quod
221 1174 291 1237 ego,
315 1154 370 1238 qui
392 1155 533 1240 profugi,
557 1161 723 1239 suspectus
747 1154 839 1221 sum'.
884 1156 930 1220 At
951 1156 1031 1220 haec
1054 1155 1118 1218 elo·
1137 1167 1153 1215 3

112 1245 187 1307 cuto
210 1243 361 1307 universa
380 1244 489 1308 contio
509 1243 644 1308 adsensa
662 1249 725 1310 est:
748 1243 902 1308 lacrimae
920 1244 1033 1308 deinde
1052 1264 1118 1306 om·

111 1330 208 1394 nibus
235 1353 366 1395 manare
393 1338 568 1415 coeperunt
594 1333 673 1397 adeo
700 1334 733 1396 in
762 1332 957 1397 contrarium
985 1335 1119 1414 repente

112 1419 261 1503 mutatis,
291 1422 329 1483 ut
355 1420 417 1484 hoc
444 1421 548 1484 solum
575 1442 634 1503 pro
667 1432 704 1485 eo
737 1423 835 1505 esset,
868 1420 951 1503 quod
979 1420 1119 1483 maxime

112 1505 259 1571 laeserat.
298 1505 427 1572 Iuvenis
456 1513 526 1572 erat
551 1509 656 1591 primo
686 1511 801 1573 aetatis
827 1508 905 1573 flore
933 1507 1154 1591 pubescens,4

113 1615 207 1677 quem
222 1596 308 1658 inter
327 1597 451 1678 equites
465 1597 637 1660 tormentis
647 1596 801 1661 ¹Philotae
820 1597 1029 1661 conturbatos
1044 1595 1119 1659 alie-

111 1703 172 1745 nus
199 1687 303 1746 terror
332 1685 524 1748 abstulerat:
552 1683 714 1747 desertum
742 1706 815 1747 eum
842 1706 861 1748 a
889 1684 1058 1747 comitibus
1087 1686 1120 1746 et

112 1768 328 1851 haesitantem
342 1771 427 1833 inter
441 1770 620 1834 revertendi
639 1771 847 1855 fugiendique
866 1771 1045 1851 eonsilium,
1064 1771 1119 1854 qui

113 1856 216 1920 secuti
239 1861 339 1939 erant,
362 1862 604 1940 occupaverunt.
648 1858 681 1921 Is
704 1864 775 1922 tum
796 1858 872 1921 flere
896 1858 1003 1938 coepit
1026 1862 1058 1921 et
1082 1868 1153 1921 oso

114 1966 206 2007 suurn
242 1946 487 2026 converberare,
523 1950 666 2009 maestus
698 1967 763 2010 non
795 1967 886 2010 suam
911 1945 1026 2027 vicem,
1063 1945 1118 2008 sed

112 2036 245 2115 propter
257 2032 363 2115 ipsum
382 2034 632 2116 periclitantium
649 2034 794 2098 fratrum.
827 2033 1034 2115 Moveratque
1053 2032 1118 2095 iam
1137 2046 1153 2094 6
1187 2092 1190 2098 .

111 2140 220 2203 regem
241 2142 375 2204 quoque,
392 2144 459 2186 non
477 2123 659 2186 contionem
679 2122 783 2205 modo,
805 2121 961 2186 sedunus
981 2123 1051 2184 erat
1072 2121 1118 2183 in·

111 2208 282 2291 placabilis
301 2209 408 2292 frater,
428 2210 484 2293 qui
502 2211 641 2274 terribili
657 2211 747 2274 vultu
761 2211 889 2274 intuens
905 2231 986 2293 eum,
1006 2207 1119 2291 ‘Tum',

112 2296 173 2376 ait,
201 2295 356 2379 demens,
384 2299 553 2362 lacrimare
581 2298 750 2381 debueras,
780 2319 851 2362 cum
875 2319 956 2380 equo
981 2297 1119 2360 calcaria

112 2382 274 2462 subderes,
292 2386 430 2449 fratrum
446 2386 591 2449 desertor
609 2390 642 2449 et
656 2385 856 2450 desertorum
870 2406 986 2447 comes.
1008 2383 1118 2464 Miser,

113 2492 175 2554 quo
199 2475 232 2534 et
254 2472 337 2536 unde
358 2473 521 2557 fugiebas!
563 2473 717 2554 Effecisti,
739 2476 776 2535 ut
798 2493 870 2535 reus
894 2471 1009 2552 capitis
1029 2492 1117 2535 aceu-

112 2559 230 2623 satoris
252 2564 359 2623 uterer
381 2559 509 2626 verbis'.
549 2558 608 2622 Ille
631 2581 781 2642 peccasse
805 2580 847 2640 se,
871 2559 926 2621 sed
944 2558 1030 2622 baad
1046 2571 1152 2639 gra-r

112 2647 182 2710 vius
211 2648 244 2710 in
271 2647 387 2711 fratres
412 2668 508 2729 quam
530 2647 564 2708 in
588 2647 796 2729 semetipsum
818 2645 989 2708 fatebatur.
1035 2646 1117 2709 Tum

112 2755 186 2798 vero
218 2755 322 2817 neque
354 2733 496 2796 lacrimis
528 2754 631 2816 neque
663 2733 952 2798 adclamationibus
960 2783 969 2815 ,
1001 2734 1117 2816 quibus

112 2821 220 2886 studia
244 2842 302 2884 sua
325 2820 499 2887 multitudo
523 2823 705 2906 profitetur,
728 2825 998 2903 temperaverunt.
1043 2821 1118 2886 Una

110 2929 173 2971 vox
196 2911 266 2970 erat
288 2909 359 2990 pari
383 2908 501 2972 emissa
524 2931 689 2991 consensu,
712 2913 749 2972 ut
771 2909 954 2974 insontibus
976 2913 1008 2973 et
1025 2909 1116 2973 forti-

58 2999 61 3003 ’
110 2994 170 3058 bus
195 2995 274 3059 viris
296 3000 450 3079 parceret.
495 2997 604 3060 Amici
630 3019 755 3081 quoque
781 2997 857 3060 data
880 2997 1117 3060 misericordiae

111 3083 278 3148 occasione
293 3088 490 3168 consurgunt
502 3084 678 3167 flentesque
692 3106 801 3167 regem
815 3086 1033 3166 deprecantur.
1056 3084 1116 3146 Ille
1137 3096 1153 3142 8

111 3172 240 3236 silentio
268 3172 370 3251 facto,
398 3172 453 3237 ‘Et
480 3172 571 3255 ipse',
598 3174 716 3255 inquit,
745 3173 923 3255 ‘Amyntan
952 3194 1023 3234 mea
1047 3193 1117 3233 sen-

109 3261 212 3325 tentia
239 3261 419 3343 fratresque
443 3261 510 3324 eius
538 3261 681 3324 absolvo.
731 3260 798 3325 Vos
828 3264 949 3340 autem,
977 3260 1117 3337 iuvenes,

110 3349 195 3414 malo
211 3350 357 3413 beneficii
377 3349 442 3413 mei
457 3349 612 3430 oblivisci,
633 3371 727 3431 quam
742 3350 877 3431 periculi
892 3347 993 3408 vestri
1008 3344 1117 3406 memi-

108 3437 205 3499 nisse.
245 3436 368 3500 Eadem
387 3436 448 3500 fide
467 3437 570 3499 redite
590 3437 624 3498 in
643 3437 781 3519 gratiam
805 3457 939 3514 mecum,
963 3456 1025 3514 qua
1048 3433 1116 3513 ipse

108 3524 276 3590 vobiscum
294 3528 447 3588 revertor.
493 3523 575 3607 Nisi,
600 3546 679 3606 quae
699 3525 806 3586 delata
826 3525 942 3603 essent,
963 3520 1114 3583 excussis·
1135 3532 1150 3577 9
