2444 3908
143 114 185 179 74
511 113 542 181 Q.
563 115 671 172 cuam
689 115 777 171 RUFI

139 258 212 323 nuit
238 255 447 323 Cadusiorum
475 257 726 343 Scytharumque
752 260 921 342 impetum,
949 259 1066 342 quippe
1094 259 1152 323 vix

139 349 296 429 temptato
324 347 497 411 certamine
523 347 642 431 refugit
664 347 705 411 ad
731 367 854 431 regem,
886 346 1076 410 amissorum
1098 346 1150 410 in-
1216 405 1218 408 Α

89 455 121 503 13
140 433 396 516 pedimentorum
421 435 514 500 testis
538 435 642 519 magis
665 456 760 518 quam
782 434 906 498 vindex.
950 433 1019 497 lam
1042 433 1149 497 consi·

140 521 219 584 lium
241 519 417 586 Alexandri
439 523 530 587 dolor
551 522 686 587 vicerat:
709 525 753 600 et,
775 542 817 586 ne
839 542 916 586 eura
936 521 1150 604 recuperandi

141 629 200 672 sua
220 608 355 673 militem
379 632 398 673 a
420 610 541 693 proelio
564 613 735 692 averteret,
757 631 824 673 non
845 609 994 673 inmerito
1016 608 1148 672 vereba-

139 699 202 760 tur.
233 696 347 781 Itaque
361 696 490 776 Areten,
508 697 620 761 ducem
632 697 835 761 hastatorum
849 733 891 744 -
907 696 1149 779 sarissophoros

89 804 122 854 ι(
140 784 300 848 vocabant
318 821 360 832 -
380 786 531 850 adversus
554 783 688 867 Scythas
710 784 819 848 mittit.
863 783 953 848 Inter
974 783 1054 847 haec
1076 789 1203 856 our-57

139 872 282 1043 aad
295 870 1148 1025 Abaialnlflllatlllt‘tmtatamt

89 1067 121 1115 25
140 1045 175 1110 in
197 1047 337 1111 medium
360 1067 477 1131 agmen
498 1047 668 1131 accipiunt.
699 1047 794 1113 Vallo
819 1047 931 1111 similis
955 1045 1038 1111 acies
1061 1050 1147 1112 erat:

140 1133 309 1197 iunxerant
330 1134 442 1198 hastas
465 1138 498 1198 et
519 1135 560 1199 ab
581 1138 716 1219 utroque
733 1137 832 1199 latere
849 1138 969 1198 temere
986 1133 1148 1198 incurren-

139 1220 221 1282 tium
242 1220 298 1284 ilia
321 1221 545 1287 suffodiebant.
580 1220 753 1286 Circumire
777 1222 890 1286 deinde
909 1223 963 1302 [ct]
983 1243 1094 1286 currus
1114 1225 1149 1286 et

139 1311 395 1392 propugnatores
428 1310 638 1393 praecipitare
670 1313 848 1393 coeperunt.
901 1309 1021 1393 Ingens
1053 1309 1149 1374 ruina

89 1417 121 1464 16
140 1415 293 1477 equorum
316 1397 561 1482 aurigarumque
584 1398 684 1461 aciem
707 1397 875 1481 conplever
894 1399 916 1461 t.
949 1395 994 1460 Hi
1015 1397 1148 1462 territos

140 1501 249 1566 regere
281 1505 347 1547 non
373 1488 535 1569 poterant,
568 1485 622 1568 qui
649 1485 761 1550 crebra
787 1485 961 1548 iactatione
987 1485 1148 1549 cervicum

106 1575 109 1579 ’
140 1590 207 1632 non
228 1570 339 1655 iugum
362 1572 456 1636 modo
479 1575 697 1656 excusserant,
727 1572 903 1637 sedetiam
926 1593 1037 1636 currus
1060 1593 1147 1636 ever·

29 1690 30 1694 =
140 1660 260 1742 terant,
292 1660 449 1724 vulnerati
471 1660 657 1726 interfectos
678 1661 863 1744 trahebant,
889 1680 950 1724 nec
972 1660 1147 1724 consistere

90 1767 122 1814 1⁷
140 1746 244 1809 territi
275 1769 334 1812 neo
364 1748 515 1834 progredi
542 1749 661 1812 debiles
688 1752 845 1832 poterant.
890 1748 1015 1812 Paucae
1037 1751 1149 1811 tamen

141 1853 269 1898 evasere
302 1837 474 1922 quadrigae
505 1837 540 1902 in
567 1837 713 1901 ultimam
740 1837 841 1901 aciem
868 1835 908 1900 iis
915 1886 924 1918 ,
956 1835 1071 1920 quibus
1098 1835 1149 1898 in·

141 1921 297 2008 siderant,
320 1924 495 1989 miserabili
517 1928 619 1990 morte
646 1925 856 2008 consumptis:
890 1924 1008 2008 quippe
1036 1944 1148 2005 ampu-

141 2013 210 2073 tata
239 2012 377 2075 virorum
406 2013 549 2077 membra
574 2012 665 2076 humi
686 2013 847 2093 iacebant,
875 2012 915 2092 et,
937 2010 1013 2092 quia
1035 2009 1149 2074 calidis

142 2097 246 2161 adhuc
274 2099 459 2162 vulneribus
487 2099 597 2162 aberat
624 2099 726 2180 dolor,
757 2097 863 2160 trunci
886 2116 1012 2178 quoque
1039 2099 1072 2157 et
1094 2097 1149 2158 de·

140 2183 222 2246 biles
245 2183 374 2266 quidam
396 2206 574 2248 armenon
597 2184 801 2265 omittebant,
825 2183 925 2246 donec
947 2182 1049 2245 multo
1073 2201 1149 2245 san·

90 2294 123 2342 18
142 2269 238 2352 guine
260 2270 359 2334 effuso
383 2271 556 2335 exanimati
576 2271 829 2353 procumberent
873 2267 1148 2335 Interim'Aretes

142 2353 344 2442 Scytharum,
374 2359 429 2441 qui
454 2357 672 2441 inpedimenta
698 2357 907 2441 diripiebant,
936 2357 1014 2422 duce
1041 2356 1148 2422 occiso

142 2445 270 2528 grauiam
292 2445 412 2510 territis
434 2446 585 2510 instabat.
624 2444 839 2529 Supervenere
863 2445 975 2509 deinde
999 2467 1018 2509 a
1039 2442 1148 2509 Dareo

141 2533 306 2598 Bactriani
340 2555 531 2620 pugnaeque
564 2538 686 2599 vertere
717 2534 889 2598 fortunam.
942 2531 1038 2596 Multi
1070 2553 1147 2617 ergo

142 2620 352 2686 Macedonum
388 2623 492 2705 primo
527 2622 650 2706 impetu
686 2621 798 2687 obtriti
833 2624 923 2705 sunt,
962 2622 1069 2704 plures
1107 2621 1149 2686 ad

90 2731 123 2780 19
141 2706 360 2772 Alexandrum
382 2710 577 2794 refugerunt.
613 2710 697 2774 Tum
718 2709 835 2774 Persae
854 2710 991 2773 clamore
1010 2708 1148 2792 sublato,

143 2796 269 2879 qualem
287 2796 423 2861 victores
443 2798 548 2862 solent
565 2798 665 2880 edere,
682 2797 829 2862 ferociter
846 2797 882 2860 in
898 2797 1034 2879 hostem,
1055 2797 1149 2880 quasi

141 2883 259 2966 ubique
290 2884 508 2969 profligatum,
543 2886 753 2949 incurrenmt.
806 2884 989 2949 Alexander
1016 2884 1147 2949 territos

142 2971 312 3055 castigare,
344 2971 522 3056 adhortari,
552 2973 722 3056 proelium,
755 2973 840 3056 quod
865 2973 929 3036 iam
952 2973 1149 3056 elanguerat,

144 3060 231 3123 solus
255 3060 438 3124 accendere:
470 3060 728 3143 confirmatisque
753 3061 883 3123 tandem
906 3060 1022 3124 animis
1044 3060 1090 3122 ire
1113 3061 1149 3123 in

89 3171 124 3219 20
141 3146 269 3212 hostem
291 3147 388 3212 iubet.
425 3146 541 3212 Rarior
564 3148 647 3212 acies
670 3149 739 3210 erat
760 3148 796 3210 in
819 3148 929 3211 dextro
952 3168 1052 3211 cornu
1073 3145 1204 3218 Per-58

143 3256 263 3315 sarum,
294 3256 433 3319 namque
458 3236 532 3298 inde
554 3234 718 3300 Bactriani
743 3235 956 3298 discesserant
978 3234 1019 3297 ad
1041 3236 1149 3318 oppri-

143 3324 259 3388 menda
280 3323 506 3406 inpedimenta.
541 3322 655 3408 Itaque
668 3320 851 3386 Alexander
872 3322 998 3385 laxatos
1020 3322 1150 3388 ordines

89 3433 122 3482 21
143 3411 267 3476 invadit
289 3415 322 3475 et
343 3410 445 3474 multa
467 3411 562 3475 caede
584 3411 726 3474 hostium
748 3409 918 3474 invehitur.
962 3407 1009 3472 At
1036 3409 1092 3493 qui
1114 3413 1151 3476 in

142 3501 233 3565 laevo
269 3520 368 3564 cornu
403 3501 495 3562 erant
529 3498 661 3579 Persae,
701 3519 758 3583 spe
788 3517 883 3582 posse
914 3516 987 3559 eum
1018 3498 1151 3582 includi,
