2444 3908
144 116 187 180 64
514 116 545 179 Q.
565 114 675 168 CURTI
693 113 780 168 RUFI

94 256 125 329 11
145 259 360 326 Claudebatur
390 261 451 323 hoc
484 279 600 343 agmen
631 258 703 321 aliis
734 258 861 321 falcatis
891 257 1048 339 curribus,
1083 256 1156 339 quis

143 348 348 431 peregrinum
376 348 510 410 militem
533 347 728 410 adiunxerat.
774 343 870 408 Hunc
892 344 1051 427 Armenii,
1074 366 1156 428 quos

144 436 284 498 minores
308 436 484 518 appellant,
513 434 683 498 Armenios
706 432 890 515 Babylonii,
919 435 1071 515 utrosque
1094 430 1156 496 Be-

145 523 220 585 litae
248 526 281 586 11
304 524 359 606 qui
386 525 512 586 montes
540 521 751 586 Cossaeorum
773 520 958 584 incolebant
980 520 1156 602 sequeban-

95 614 206 678 ntur.
238 609 318 674 Post
339 611 398 674 hos
422 609 514 674 ibant
536 608 676 673 Gortuae
708 609 815 692 gentis
838 607 966 691 quidem
983 606 1157 689 Euboicae,

145 697 256 762 Medos
289 698 449 782 quondam
480 696 593 780 secuti,
626 659 685 760 sed
709 697 774 759 iarn
801 696 973 779 degeneres
1001 698 1033 757 et
1059 696 1157 776 patrii

150 786 248 850 moris
280 785 394 870 ignari.
439 784 647 868 Adplicuerat
672 783 723 848 his
750 783 895 867 Phrygas
926 786 959 845 et
987 780 1157 847 Cataonas.

145 873 399 955 Parthyaeorum
427 873 539 936 deinde
567 892 659 956 gens,
690 872 898 935 incolentium
929 874 1044 953 terrac,
1076 893 1157 954 quas

145 983 231 1026 nunc
248 960 359 1024 Parthi
375 958 505 1042 Scythia
526 960 663 1043 profecti
680 962 800 1042 tenent,
823 958 1013 1022 claudebant
1032 977 1158 1041 agmen.

96 1069 126 1116 ra
146 1049 234 1112 Haec
264 1048 387 1111 sinistri
418 1069 534 1111 cornus
565 1045 664 1128 facies
695 1047 766 1110 fuit.
815 1045 970 1110 Dextrum
1001 1046 1159 1111 tenebant

144 1137 234 1200 natio
263 1135 393 1199 maioris
421 1134 593 1198 Armeniae
619 1133 810 1218 Cadusiique
838 1138 870 1198 11
893 1131 1097 1216 Cappadoces
1125 1138 1159 1198 et

146 1220 217 1305 Syri
250 1243 287 1286 ac
319 1221 413 1285 Medi.
469 1222 530 1285 His
563 1244 687 1306 quoque
718 1221 829 1285 falcati
860 1242 970 1285 currus
1005 1238 1027 1285 n
1057 1224 1157 1286 erant.

95 1331 126 1377 13
147 1307 278 1373 Summa
300 1310 400 1374 totius
424 1311 594 1392 exercitus,
627 1310 748 1394 equites
774 1327 843 1372 xcv
870 1309 973 1392 milia,
999 1310 1157 1391 pedestris

147 1398 230 1462 acies
265 1414 312 1462 Do
347 1398 437 1460 milia
467 1398 656 1480 expleverat
712 1395 784 1460 Hoc
819 1397 915 1460 modo
950 1397 1101 1461 instructi
1133 1415 1158 1462 x

147 1485 251 1549 stadia
285 1486 462 1567 procedunt
496 1485 638 1568 iussique
675 1485 847 1548 subsistere
883 1484 999 1548 armati
1030 1486 1157 1550 hostem

145 1572 365 1656 expectabant.

95 1681 126 1728 11
234 1660 408 1723 Alexandri
431 1659 603 1724 exercitum
624 1682 737 1743 pavor,
762 1661 851 1725 cuius
874 1682 972 1726 causa
992 1682 1059 1725 non
1082 1661 1156 1725 sub·
1167 1661 1206 1725 46

145 1749 229 1831 erat,
264 1748 398 1812 invasit:
440 1748 556 1832 quippe
592 1748 750 1832 lymphati
784 1749 943 1832 trepidare
980 1753 1157 1832 coeperunt

146 1836 290 1899 omnium
311 1839 442 1919 pectora
460 1837 583 1901 occulto
602 1840 690 1901 metu
707 1842 918 1921 percurrente.
948 1835 1036 1902 Caeli
1050 1837 1158 1920 fulgor

144 1927 288 2007 tempore
316 1925 436 1988 aestivo
464 1925 587 1989 ardenti
611 1926 724 1989 similis
747 1926 936 2003 internitens
958 1926 1043 2008 ignis
1065 1946 1157 2006 prae·

91 2039 96 2046 ·
145 2012 216 2075 buit
243 2012 394 2095 speciem,
426 2012 634 2097 flammasque
662 2035 700 2076 ex
722 2011 820 2076 Darei
845 2013 958 2086 eastris
982 2011 1158 2096 splendere,

95 2100 234 2169 11111111
255 2100 349 2162 inlati
371 2102 490 2164 temere
513 2100 695 2182 praesidiis,
718 2099 897 2163 credebant.
941 2097 1062 2171 Quodsi
1083 2120 1158 2178 per-

146 2186 242 2250 culsis
264 2185 426 2270 Mazaeus,
455 2187 510 2271 qui
537 2186 739 2270 praesidebat
760 2185 880 2267 itineri,
910 2183 1159 2269 supervenisset,

145 2274 260 2357 ingens
286 2273 392 2337 clades
415 2275 515 2356 accipi
536 2273 655 2355 potuit:
686 2291 786 2354 nunc,
814 2271 965 2335 dumille
989 2271 1097 2356 segnis
1120 2274 1157 2338 in

147 2382 198 2444 eo,
231 2383 325 2445 quem
356 2364 578 2444 occupaverat,
608 2359 731 2423 tumulo
759 2358 860 2441 sedet,
892 2363 1061 2424 contentus
1088 2382 1157 2425 non

96 2449 272 2531 1111111111,
308 2449 490 2513 Alexander
525 2447 654 2532 cognito
685 2467 802 2529 pavore
834 2448 990 2511 exercitus
1018 2449 1158 2532 signum,

146 2541 184 2601 ut
210 2538 434 2618 consisterent,
471 2536 551 2619 dari,
587 2538 660 2598 ante
687 2536 776 2617 ipsos
809 2556 897 2598 arma
929 2536 1085 2618 deponere
1118 2559 1157 2600 ac

147 2626 251 2688 levare
274 2646 408 2707 corpora
429 2623 531 2706 iubet,
553 2622 736 2706 admonens,
759 2623 881 2686 nullam
905 2620 1003 2687 subiti
1025 2645 1153 2688 causam

14 2732 16 2736 ·
96 2731 216 2780 111111
238 2712 378 2794 terroris,
403 2711 529 2774 hostem
551 2711 662 2792 procul
689 2714 782 2774 stare.
827 2709 970 2775 Tandem
993 2715 1157 2794 compotes

148 2798 198 2860 sui
224 2799 343 2880 pariter
371 2819 462 2861 arma
494 2801 526 2860 et
557 2799 681 2862 animos
708 2808 867 2881 recepere:
904 2800 1156 2883 necquicquam

147 2905 186 2948 ex
217 2885 437 2967 praesentibus
468 2885 569 2949 tutius
600 2887 705 2950 risum·
732 2890 794 2970 est,
826 2909 923 2971 quarn
950 2888 1060 2951 eodem
1083 2888 1155 2953 loco

95 2995 128 3043 18
152 2975 256 3037 castra
279 2973 411 3037 munire.
456 2972 589 3038 Postero
616 2975 666 3038 die
692 2973 840 3039 Mazaeus
864 3013 905 3021 —
930 2996 1002 3038 curn
1025 2975 1156 3040 delectis

43 3136 49 3144 ,
147 3060 290 3144 equitum
317 3061 460 3126 inedito
484 3063 577 3146 colle,
605 3084 643 3126 ex
666 3084 729 3147 quo
750 3061 962 3127 Macedonum
983 3063 1157 3146 prospicie-

145 3148 265 3212 bantur
287 3152 401 3232 castra,
424 3150 612 3214 consederat
629 3188 671 3197 —
691 3151 756 3214 sive
778 3154 875 3233 metu,
899 3151 964 3214 sive
987 3151 1062 3233 quia
1085 3173 1156 3233 spe·

95 3257 127 3307 11
146 3237 246 3301 culari
268 3237 364 3302 modo
387 3238 493 3302 iussus
517 3242 593 3323 erat,
612 3239 652 3302 ad
667 3237 809 3302 Dareum
826 3238 930 3303 rediit.
964 3237 1156 3304 Macedones

147 3345 219 3388 eum
250 3325 356 3407 ipsum
389 3326 515 3407 collem,
551 3347 644 3409 quem
676 3325 870 3409 deseruerat,
906 3332 1158 3409 occupaverunt:

145 3435 222 3477 nam
245 3418 278 3476 et
297 3413 398 3477 tutior
415 3414 549 3496 planitie
568 3416 687 3478 111111
706 3413 780 3477 inde
799 3415 881 3478 acies
898 3413 1049 3497 hostium,
1073 3436 1157 3498 quae

19 3552 24 3562 .
93 3521 127 3569 ao
146 3502 180 3564 in
211 3523 324 3584 campo
353 3502 581 3584 explicabatur,
612 3501 753 3584 conspici
776 3504 911 3583 poterat.
957 3499 1018 3565 Sed
1042 3503 1158 3588 caligo,
