2444 3908
301 97 557 153 merentem
571 98 789 153 manner
804 98 886 166 vm,
904 105 930 154 L
1056 95 1119 161 187

112 241 294 306 instituisse
326 241 485 325 Graecos,
516 241 603 327 qnod
631 243 778 326 tropaeis
806 263 921 327 regum
952 241 1122 305 dumtaxat

114 329 247 394 nomina
277 330 510 412 inscriberent,
544 330 652 395 ntimo
681 331 769 394 enim
803 331 961 412 sanguine
991 334 1121 414 partam

115 416 256 500 gloriam
276 418 436 503 intercipi
478 417 595 502 ltnqne
609 440 678 500 rex,
698 440 773 483 crnn
790 420 1008 501 suspicaretur
1027 417 1122 481 mali·

113 504 209 588 guina
238 504 388 570 habitum
418 527 491 571 esse
521 528 715 590 sermonum
745 507 931 589 percontari
956 507 1121 590 proximos

112 592 1122 766 emcitmtmefflmmia
1138 605 1174 655 ⁸⁰

113 767 264 852 bellaque
288 769 325 834 in
344 767 481 834 Graecia
506 776 600 855 gesta
621 775 869 853 commemorat,
894 705 1014 834 ennii)
1030 791 1121 853 prae

113 855 260 921 sentibus
274 857 470 940 praeimena
503 858 591 923 Hinc
606 860 695 924 inter
711 860 854 924 iuniores
872 879 1028 941 senesque
1046 862 1120 921 orta
1138 870 1172 919 ar

114 944 280 1010 contentio
309 949 373 1009 est:
404 949 439 1009 et
465 967 540 1027 rex,
568 947 661 1012 velut
686 949 849 1030 patienter
878 944 1018 1029 audiret,
1048 947 1121 1028 quis

114 1029 220 1096 Clitus
233 1032 405 1097 obterebat
420 1033 533 1098 laudes
550 1035 630 1118 eina
646 1036 813 1120 ingeram
825 1036 908 1099 iram
922 1038 1122 1118 conceperat

113 1117 265 1184 Ceterum
290 1141 363 1185 curn
390 1122 499 1186 animo
524 1122 689 1188 videretur
711 1124 941 1207 imperaturus,
968 1123 997 1186 si
1023 1122 1121 1186 finem
1140 1132 1174 1183 aa

114 1208 294 1291 procaciter
315 1211 389 1274 orto
412 1211 553 1274 samoni
574 1209 682 1276 Clitus
703 1212 883 1295 inponeret,
905 1209 990 1274 nihil
1012 1231 1050 1274 eo
1073 1230 1121 1274 re·

114 1295 267 1359 mittente
293 1297 398 1380 magis
425 1298 685 1382 exaspmbatur.
728 1298 863 1383 Iamque
890 1297 993 1363 Clitus
1021 1299 1120 1363 etiam
1138 1309 1172 1359 aa

113 1381 360 1449 Parmenionem
382 1385 551 1451 defendere
573 1387 715 1452 audebat
735 1391 770 1452 et
790 1386 936 1470 Philippi
958 1386 997 1451 de
1020 1386 1120 1451 Athe·

114 1471 280 1537 niennbus
294 1473 466 1538 sictonam
483 1473 670 1540 Thebarum
686 1475 891 1559 praeferebat
906 1474 1038 1558 excidio,
1056 1495 1121 1539 non

113 1559 189 1625 rino
215 1559 326 1643 modo,
356 1562 413 1626 sed
438 1561 538 1626 etiam
564 1564 666 1627 animi
691 1584 794 1647 prava
820 1564 1026 1628 contentione
1048 1582 1121 1645 pro·

114 1651 234 1714 vectus
268 1648 321 1713 Ad
338 1650 503 1734 ultimum,
525 1646 575 1715 ‘Si
591 1648 814 1732 moriendum',
836 1651 954 1732 inquit,
976 1648 1040 1713 ‘est
1061 1670 1120 1732 pro
1141 1661 1175 1710 84

114 1739 157 1818 te,
175 1734 279 1801 Clitus
298 1740 350 1801 cst
366 1738 504 1821 primus:
526 1742 562 1802 at
583 1759 657 1802 cum
677 1737 833 1802 victoriae
852 1737 1023 1800 arbitrium
1042 1737 1123 1819 agis,

114 1826 322 1909 praecipuum
344 1824 454 1889 terunt
476 1826 668 1908 praemium,
693 1825 749 1907 qui
771 1824 997 1907 procacissime
1020 1824 1122 1908 patris

113 1912 164 1976 tui
186 1913 360 1978 memoriae
378 1912 537 1977 inludunt
577 1911 776 1997 Sogdianam
793 1911 958 1994 regionem
977 1909 1057 1973 mihi
1077 1913 1123 1973 at·
1142 1921 1175 1970 as

114 1999 244 2081 tribuis,
265 2000 388 2066 totiens
411 1999 565 2064 rebellem
587 2003 622 2065 et
641 2020 709 2065 non
729 1997 825 2064 modo
843 1997 1045 2079 indomitam,
1067 1995 1123 2060 sed

113 2109 197 2172 quae
213 2110 255 2153 ne
273 2088 381 2174 subigi
400 2088 529 2173 quidem
546 2089 659 2171 possit
699 2085 815 2152 Mittor
837 2085 878 2152 ad
896 2084 982 2150 teras
1000 2083 1123 2148 bestias

114 2177 308 2260 praecipitia
324 2176 454 2262 ingenia
472 2178 613 2242 sortitas.
644 2174 716 2254 Sed,
734 2195 815 2258 quac
834 2173 875 2240 ad
889 2194 940 2238 me
954 2173 1124 2257 pertinent,

114 2267 255 2330 nauseo.
308 2264 453 2349 Philippi
484 2265 605 2329 milites
638 2264 779 2348 spernis,
811 2261 946 2345 oblitus,
977 2261 1040 2325 nisi
1071 2258 1124 2324 hic
1142 2272 1176 2322 te

115 2351 287 2418 Atharrias
319 2374 417 2418 senex
447 2352 589 2417 iuniores
621 2372 762 2437 pugnam
791 2350 1006 2415 detrectantes
1036 2369 1121 2412 revo-

116 2445 232 2526 casset,
254 2440 359 2506 adhuc
374 2461 435 2506 nos
453 2440 538 2505 circa
555 2439 818 2504 Halicarnassum
841 2437 997 2499 haesuros
1015 2433 1124 2499 tuisse.

118 2527 285 2605 Quomodo
299 2528 399 2614 igitur
411 2528 525 2592 Asiam
539 2527 637 2592 etiam
652 2547 724 2590 cum
738 2525 812 2588 istis
827 2521 1005 2586 iunioribus
1020 2521 1125 2584 subie-
1144 2532 1177 2582 ar

117 2617 213 2682 cisti?
258 2616 381 2681 Verum
404 2619 467 2698 est,
493 2618 530 2679 ut
552 2613 681 2695 opinor,
707 2610 793 2695 quod
816 2608 1009 2674 avunculum
1033 2610 1125 2672 tuum

116 2706 152 2771 in
173 2705 270 2770 Italia
292 2704 411 2768 dixisse
434 2703 576 2778 constat,
602 2701 708 2782 ipsum
735 2699 769 2763 in
791 2697 878 2762 viros
901 2694 1067 2778 incidisse,
1092 2699 1125 2760 te

81 2794 151 2861 bin
172 2789 330 2857 feminas?
374 2788 465 2854 Nihil
493 2810 531 2853 ex
559 2787 706 2854 omnibus
733 2785 913 2851 inconsulte
941 2806 979 2849 ac
1005 2787 1125 2848 temere
1144 2796 1178 2846 88

117 2880 212 2944 iactis
239 2900 349 2964 regem
373 2878 478 2961 magis
501 2878 658 2958 moverat,
686 2896 782 2959 quam
805 2873 1028 2938 Parmenionis
1053 2894 1125 2937 cum

116 2965 240 3030 honore
272 2966 393 3030 mentio
425 2965 535 3031 inlata
584 2962 739 3029 Dolorem
771 2966 882 3027 tamen
914 2984 969 3027 rex
997 2963 1126 3045 pressit,

117 3057 287 3119 contentus
315 3054 461 3137 iussisse,
488 3057 525 3118 ut
552 3053 698 3117 convivio
726 3051 902 3117 excederet.
947 3049 1015 3115 Nec
1039 3050 1125 3134 quic·
1144 3061 1178 3110 39

118 3164 215 3227 quam
238 3141 325 3206 aliud
348 3141 466 3207 adiecit
488 3163 584 3225 quam
607 3140 743 3205 forsitan
767 3161 851 3223 eum,
880 3139 907 3203 si
936 3138 1056 3203 diutius
1080 3138 1126 3204 lo·

118 3235 209 3296 cutus
231 3230 325 3315 foret,
349 3231 616 3314 exprobraturum
641 3229 705 3293 sibi
727 3228 825 3293 fuisse
851 3227 950 3292 vitam
975 3247 1080 3291 asem
1188 3278 1219 3291 ..

117 3320 188 3402 ipso
212 3317 334 3384 datam:
359 3317 422 3384 hoc
445 3319 531 3384 enim
555 3318 691 3401 superbe
715 3338 810 3400 saepe
833 3317 979 3381 iactasse.
1018 3310 1050 3379 Α
1098 3316 1102 3321 ’
1164 3306 1171 3321 ’

117 3406 211 3471 illum
230 3411 434 3473 cunctantem
455 3407 557 3472 adhuc
572 3426 713 3491 surgere,
736 3405 792 3489 qui
805 3403 945 3488 proximi
963 3401 993 3466 ei
1011 3420 1051 3469 cu

117 3497 205 3579 rant,
234 3496 361 3561 iniectis
395 3495 544 3561 manibus
578 3495 745 3578 iurgantes
778 3494 1008 3574 monentesque
1075 3562 1078 3569 ,
1158 3538 1161 3543 -
