<?xml version="1.0" encoding="UTF-8"?>
<!DOCTYPE html PUBLIC "-//W3C//DTD XHTML 1.0 Transitional//EN"
    "http://www.w3.org/TR/xhtml1/DTD/xhtml1-transitional.dtd">
<html xmlns="http://www.w3.org/1999/xhtml" xml:lang="en" lang="en">
 <head>
  <title>
</title>
<meta http-equiv="Content-Type" content="text/html;charset=utf-8" />
  <meta name='ocr-system' content='tesseract 3.04.00' />
  <meta name='ocr-capabilities' content='ocr_page ocr_carea ocr_par ocr_line ocrx_word'/>
</head>
<body>
  <div class='ocr_page' id='page_1' title='image "./historiarumalex01rufugoog_0170.png"; bbox 0 0 2444 3908; ppageno 0'>
   <div class='ocr_carea' id='block_1_1' title="bbox 317 115 1119 187">
    <p class='ocr_par' dir='ltr' id='par_1_1' title="bbox 317 115 1119 187">
     <span class='ocr_line' id='line_1_1' title="bbox 317 115 1119 187; baseline 0.012 -17"><span class='ocrx_word' id='word_1_1' title='bbox 317 115 573 172; x_wconf 80' lang='lat' dir='ltr'>HISTORIARUM</span> <span class='ocrx_word' id='word_1_2' title='bbox 590 116 804 172; x_wconf 82' lang='lat' dir='ltr'>ALEXANDRI</span> <span class='ocrx_word' id='word_1_3' title='bbox 821 115 870 187; x_wconf 87' lang='lat' dir='ltr'>VI,</span> <span class='ocrx_word' id='word_1_4' title='bbox 888 121 913 171; x_wconf 81' lang='grc'>9.</span> <span class='ocrx_word' id='word_1_5' title='bbox 1057 115 1119 180; x_wconf 75' lang='grc'><strong>137</strong></span> 
     </span>
    </p>
   </div>
   <div class='ocr_carea' id='block_1_2' title="bbox 114 261 1153 434">
    <p class='ocr_par' dir='ltr' id='par_1_2' title="bbox 114 261 1153 434">
     <span class='ocr_line' id='line_1_2' title="bbox 114 261 1122 344; baseline -0.001 -18"><span class='ocrx_word' id='word_1_6' title='bbox 114 261 208 326; x_wconf 87' lang='lat' dir='ltr'>vobis</span> <span class='ocrx_word' id='word_1_7' title='bbox 232 265 359 343; x_wconf 88' lang='lat' dir='ltr'>ereptus</span> <span class='ocrx_word' id='word_1_8' title='bbox 384 283 467 325; x_wconf 90' lang='lat' dir='ltr'>sum:</span> <span class='ocrx_word' id='word_1_9' title='bbox 498 261 594 326; x_wconf 89' lang='lat' dir='ltr'>deum</span> <span class='ocrx_word' id='word_1_10' title='bbox 615 261 817 344; x_wconf 85' lang='lat' dir='ltr'>providentie</span> <span class='ocrx_word' id='word_1_11' title='bbox 845 262 878 326; x_wconf 92' lang='lat' dir='ltr'>et</span> <span class='ocrx_word' id='word_1_12' title='bbox 903 261 1122 326; x_wconf 80' lang='lat' dir='ltr'>misericordia</span> 
     </span>
     <span class='ocr_line' id='line_1_3' title="bbox 114 345 1153 434; baseline -0.001 -21"><span class='ocrx_word' id='word_1_13' title='bbox 114 349 197 414; x_wconf 84' lang='lat' dir='ltr'>vivo.</span> <span class='ocrx_word' id='word_1_14' title='bbox 242 345 505 432; x_wconf 76' lang='lat' dir='ltr'>Conspectusque</span> <span class='ocrx_word' id='word_1_15' title='bbox 527 350 627 414; x_wconf 75' lang='lat' dir='ltr'>vestri</span> <span class='ocrx_word' id='word_1_16' title='bbox 649 349 842 414; x_wconf 87' lang='lat' dir='ltr'>venerabilis</span> <span class='ocrx_word' id='word_1_17' title='bbox 865 350 985 434; x_wconf 78' lang='lat' dir='ltr'>coegit,</span> <span class='ocrx_word' id='word_1_18' title='bbox 1007 353 1044 415; x_wconf 90' lang='lat' dir='ltr'>ut</span> <span class='ocrx_word' id='word_1_19' title='bbox 1069 369 1121 413; x_wconf 87' lang='lat' dir='ltr'>ve·</span> <span class='ocrx_word' id='word_1_20' title='bbox 1152 391 1153 395; x_wconf 57' lang='lat'><em>=</em></span> 
     </span>
    </p>
   </div>
   <div class='ocr_carea' id='block_1_3' title="bbox 63 436 1189 3647">
    <p class='ocr_par' dir='ltr' id='par_1_3' title="bbox 63 436 1189 3647">
     <span class='ocr_line' id='line_1_4' title="bbox 115 436 1122 521; baseline -0.003 -17"><span class='ocrx_word' id='word_1_21' title='bbox 115 436 297 504; x_wconf 87' lang='lat' dir='ltr'>hamentius</span> <span class='ocrx_word' id='word_1_22' title='bbox 329 436 498 521; x_wconf 88' lang='lat' dir='ltr'>parricidis</span> <span class='ocrx_word' id='word_1_23' title='bbox 530 437 697 521; x_wconf 79' lang='lat' dir='ltr'>irascerer,</span> <span class='ocrx_word' id='word_1_24' title='bbox 734 437 885 521; x_wconf 90' lang='lat' dir='ltr'>quoniam</span> <span class='ocrx_word' id='word_1_25' title='bbox 921 438 1122 521; x_wconf 88' lang='lat' dir='ltr'>praecipuus,</span> 
     </span>
     <span class='ocr_line' id='line_1_5' title="bbox 114 524 1121 609; baseline -0.002 -19"><span class='ocrx_word' id='word_1_26' title='bbox 114 525 213 590; x_wconf 91' lang='lat' dir='ltr'>immo</span> <span class='ocrx_word' id='word_1_27' title='bbox 232 546 314 588; x_wconf 89' lang='lat' dir='ltr'>unus</span> <span class='ocrx_word' id='word_1_28' title='bbox 333 525 420 590; x_wconf 87' lang='lat' dir='ltr'>vitae</span> <span class='ocrx_word' id='word_1_29' title='bbox 439 546 528 590; x_wconf 87' lang='lat' dir='ltr'>meae</span> <span class='ocrx_word' id='word_1_30' title='bbox 546 524 669 590; x_wconf 89' lang='lat' dir='ltr'>fructus</span> <span class='ocrx_word' id='word_1_31' title='bbox 688 528 752 609; x_wconf 90' lang='lat' dir='ltr'>est,</span> <span class='ocrx_word' id='word_1_32' title='bbox 769 528 821 589; x_wconf 89' lang='lat' dir='ltr'>tot</span> <span class='ocrx_word' id='word_1_33' title='bbox 838 525 1023 591; x_wconf 88' lang='lat' dir='ltr'>fortissimis</span> <span class='ocrx_word' id='word_1_34' title='bbox 1042 525 1121 590; x_wconf 87' lang='lat' dir='ltr'>viris</span> 
     </span>
     <span class='ocr_line' id='line_1_6' title="bbox 114 611 1122 696; baseline 0.001 -19"><span class='ocrx_word' id='word_1_35' title='bbox 114 616 148 677; x_wconf 91' lang='lat' dir='ltr'>et</span> <span class='ocrx_word' id='word_1_36' title='bbox 166 613 205 678; x_wconf 94' lang='lat' dir='ltr'>de</span> <span class='ocrx_word' id='word_1_37' title='bbox 224 635 275 677; x_wconf 93' lang='lat' dir='ltr'>me</span> <span class='ocrx_word' id='word_1_38' title='bbox 294 613 415 696; x_wconf 86' lang='lat' dir='ltr'>optime</span> <span class='ocrx_word' id='word_1_39' title='bbox 433 612 558 678; x_wconf 87' lang='lat' dir='ltr'>meritis</span> <span class='ocrx_word' id='word_1_40' title='bbox 581 613 701 678; x_wconf 88' lang='lat' dir='ltr'>referre</span> <span class='ocrx_word' id='word_1_41' title='bbox 720 613 822 678; x_wconf 91' lang='lat' dir='ltr'>adhuc</span> <span class='ocrx_word' id='word_1_42' title='bbox 845 613 985 696; x_wconf 88' lang='lat' dir='ltr'>gratiam</span> <span class='ocrx_word' id='word_1_43' title='bbox 1005 611 1122 696; x_wconf 85' lang='lat' dir='ltr'>posse&#39;.</span> 
     </span>
     <span class='ocr_line' id='line_1_7' title="bbox 113 700 1157 786; baseline 0.002 -21"><span class='ocrx_word' id='word_1_44' title='bbox 113 700 293 784; x_wconf 73' lang='lat' dir='ltr'>Interrupit</span> <span class='ocrx_word' id='word_1_45' title='bbox 312 701 493 766; x_wconf 90' lang='lat' dir='ltr'>orationem</span> <span class='ocrx_word' id='word_1_46' title='bbox 510 701 652 767; x_wconf 87' lang='lat' dir='ltr'>militum</span> <span class='ocrx_word' id='word_1_47' title='bbox 671 702 811 786; x_wconf 84' lang='lat' dir='ltr'>gemitus</span> <span class='ocrx_word' id='word_1_48' title='bbox 830 701 1027 784; x_wconf 80' lang='lat' dir='ltr'>obortaeque</span> <span class='ocrx_word' id='word_1_49' title='bbox 1047 703 1157 767; x_wconf 79' lang='lat' dir='ltr'>sunta</span> 
     </span>
     <span class='ocr_line' id='line_1_8' title="bbox 115 787 1122 873; baseline -0.002 -19"><span class='ocrx_word' id='word_1_50' title='bbox 115 789 263 854; x_wconf 89' lang='lat' dir='ltr'>omnibus</span> <span class='ocrx_word' id='word_1_51' title='bbox 278 788 440 855; x_wconf 86' lang='lat' dir='ltr'>lacrimae.</span> <span class='ocrx_word' id='word_1_52' title='bbox 476 788 558 854; x_wconf 83' lang='lat' dir='ltr'>Tum</span> <span class='ocrx_word' id='word_1_53' title='bbox 571 812 637 872; x_wconf 86' lang='lat' dir='ltr'>rex,</span> <span class='ocrx_word' id='word_1_54' title='bbox 651 787 812 872; x_wconf 77' lang='lat' dir='ltr'>‘Quanto&#39;,</span> <span class='ocrx_word' id='word_1_55' title='bbox 826 789 941 873; x_wconf 91' lang='lat' dir='ltr'>inquit,</span> <span class='ocrx_word' id='word_1_56' title='bbox 955 787 1122 853; x_wconf 75' lang='lat' dir='ltr'>‘maiorem</span> 
     </span>
     <span class='ocr_line' id='line_1_9' title="bbox 113 876 1122 956; baseline -0.002 -14"><span class='ocrx_word' id='word_1_57' title='bbox 113 876 149 942; x_wconf 90' lang='grc'>111</span> <span class='ocrx_word' id='word_1_58' title='bbox 174 876 430 942; x_wconf 71' lang='lat' dir='ltr'>animisnostris</span> <span class='ocrx_word' id='word_1_59' title='bbox 453 881 577 943; x_wconf 90' lang='lat' dir='ltr'>motum</span> <span class='ocrx_word' id='word_1_60' title='bbox 600 877 760 956; x_wconf 86' lang='lat' dir='ltr'>excitabo,</span> <span class='ocrx_word' id='word_1_61' title='bbox 791 898 862 941; x_wconf 92' lang='lat' dir='ltr'>cum</span> <span class='ocrx_word' id='word_1_62' title='bbox 885 876 969 941; x_wconf 88' lang='lat' dir='ltr'>tanti</span> <span class='ocrx_word' id='word_1_63' title='bbox 992 876 1122 942; x_wconf 88' lang='lat' dir='ltr'>sceleris</span> 
     </span>
     <span class='ocr_line' id='line_1_10' title="bbox 115 963 1122 1049; baseline -0.004 -18"><span class='ocrx_word' id='word_1_64' title='bbox 115 969 262 1031; x_wconf 88' lang='lat' dir='ltr'>auctores</span> <span class='ocrx_word' id='word_1_65' title='bbox 277 964 460 1031; x_wconf 82' lang='lat' dir='ltr'>ostendero!</span> <span class='ocrx_word' id='word_1_66' title='bbox 474 986 610 1049; x_wconf 91' lang='lat' dir='ltr'>quorum</span> <span class='ocrx_word' id='word_1_67' title='bbox 624 965 819 1029; x_wconf 90' lang='lat' dir='ltr'>mentionem</span> <span class='ocrx_word' id='word_1_68' title='bbox 831 964 937 1029; x_wconf 88' lang='lat' dir='ltr'>adhue</span> <span class='ocrx_word' id='word_1_69' title='bbox 948 963 1122 1030; x_wconf 86' lang='lat' dir='ltr'>reformido</span> 
     </span>
     <span class='ocr_line' id='line_1_11' title="bbox 115 1053 1123 1138; baseline -0.002 -20"><span class='ocrx_word' id='word_1_70' title='bbox 115 1056 162 1138; x_wconf 90' lang='lat' dir='ltr'>et,</span> <span class='ocrx_word' id='word_1_71' title='bbox 188 1057 354 1136; x_wconf 89' lang='lat' dir='ltr'>tamquam</span> <span class='ocrx_word' id='word_1_72' title='bbox 381 1053 464 1118; x_wconf 87' lang='lat' dir='ltr'>salvi</span> <span class='ocrx_word' id='word_1_73' title='bbox 491 1074 559 1119; x_wconf 88' lang='lat' dir='ltr'>esse</span> <span class='ocrx_word' id='word_1_74' title='bbox 586 1053 725 1137; x_wconf 86' lang='lat' dir='ltr'>possint,</span> <span class='ocrx_word' id='word_1_75' title='bbox 752 1053 936 1118; x_wconf 88' lang='lat' dir='ltr'>nominibus</span> <span class='ocrx_word' id='word_1_76' title='bbox 965 1053 1123 1118; x_wconf 88' lang='lat' dir='ltr'>abstineo.</span> 
     </span>
     <span class='ocr_line' id='line_1_12' title="bbox 115 1139 1159 1224; baseline 0 -19"><span class='ocrx_word' id='word_1_77' title='bbox 115 1139 177 1205; x_wconf 86' lang='lat' dir='ltr'>Sed</span> <span class='ocrx_word' id='word_1_78' title='bbox 199 1142 356 1206; x_wconf 69' lang='lat' dir='ltr'>necanda</span> <span class='ocrx_word' id='word_1_79' title='bbox 375 1144 425 1207; x_wconf 89' lang='lat' dir='ltr'>est</span> <span class='ocrx_word' id='word_1_80' title='bbox 446 1141 602 1206; x_wconf 88' lang='lat' dir='ltr'>memoria</span> <span class='ocrx_word' id='word_1_81' title='bbox 619 1140 776 1224; x_wconf 88' lang='lat' dir='ltr'>pristinae</span> <span class='ocrx_word' id='word_1_82' title='bbox 795 1140 940 1206; x_wconf 87' lang='lat' dir='ltr'>caritatis</span> <span class='ocrx_word' id='word_1_83' title='bbox 963 1145 997 1206; x_wconf 89' lang='lat' dir='ltr'>et</span> <span class='ocrx_word' id='word_1_84' title='bbox 1015 1141 1122 1205; x_wconf 89' lang='lat' dir='ltr'>coniu-</span> <span class='ocrx_word' id='word_1_85' title='bbox 1141 1155 1159 1205; x_wconf 80' lang='lat'>4</span> 
     </span>
     <span class='ocr_line' id='line_1_13' title="bbox 115 1228 1124 1314; baseline -0.001 -20"><span class='ocrx_word' id='word_1_86' title='bbox 115 1229 200 1294; x_wconf 89' lang='lat' dir='ltr'>ratio</span> <span class='ocrx_word' id='word_1_87' title='bbox 219 1230 381 1312; x_wconf 91' lang='lat' dir='ltr'>inpiorum</span> <span class='ocrx_word' id='word_1_88' title='bbox 395 1230 514 1295; x_wconf 88' lang='lat' dir='ltr'>civium</span> <span class='ocrx_word' id='word_1_89' title='bbox 533 1228 718 1314; x_wconf 84' lang='lat' dir='ltr'>detegenda.</span> <span class='ocrx_word' id='word_1_90' title='bbox 751 1228 918 1304; x_wconf 81' lang='lat' dir='ltr'>Quomodo</span> <span class='ocrx_word' id='word_1_91' title='bbox 934 1233 1041 1294; x_wconf 88' lang='lat' dir='ltr'>autem</span> <span class='ocrx_word' id='word_1_92' title='bbox 1054 1231 1124 1293; x_wconf 89' lang='lat' dir='ltr'>tan·</span> 
     </span>
     <span class='ocr_line' id='line_1_14' title="bbox 115 1316 1125 1402; baseline -0.001 -21"><span class='ocrx_word' id='word_1_93' title='bbox 115 1320 186 1381; x_wconf 90' lang='lat' dir='ltr'>tum</span> <span class='ocrx_word' id='word_1_94' title='bbox 202 1318 294 1382; x_wconf 88' lang='lat' dir='ltr'>nefas</span> <span class='ocrx_word' id='word_1_95' title='bbox 313 1316 449 1389; x_wconf 79' lang='lat' dir='ltr'>sileam?</span> <span class='ocrx_word' id='word_1_96' title='bbox 478 1317 662 1401; x_wconf 82' lang='lat' dir='ltr'>Parmenio,</span> <span class='ocrx_word' id='word_1_97' title='bbox 680 1317 738 1382; x_wconf 88' lang='lat' dir='ltr'>illa</span> <span class='ocrx_word' id='word_1_98' title='bbox 756 1320 876 1402; x_wconf 87' lang='lat' dir='ltr'>aetate,</span> <span class='ocrx_word' id='word_1_99' title='bbox 893 1320 945 1382; x_wconf 89' lang='lat' dir='ltr'>tot</span> <span class='ocrx_word' id='word_1_100' title='bbox 960 1317 1055 1400; x_wconf 89' lang='lat' dir='ltr'>meis,</span> <span class='ocrx_word' id='word_1_101' title='bbox 1074 1319 1125 1381; x_wconf 89' lang='lat' dir='ltr'>tot</span> 
     </span>
     <span class='ocr_line' id='line_1_15' title="bbox 114 1405 1122 1490; baseline -0.001 -21"><span class='ocrx_word' id='word_1_102' title='bbox 114 1407 259 1490; x_wconf 89' lang='lat' dir='ltr'>parentis</span> <span class='ocrx_word' id='word_1_103' title='bbox 282 1406 346 1470; x_wconf 91' lang='lat' dir='ltr'>mei</span> <span class='ocrx_word' id='word_1_104' title='bbox 368 1405 492 1471; x_wconf 85' lang='lat' dir='ltr'>meritis</span> <span class='ocrx_word' id='word_1_105' title='bbox 517 1405 699 1490; x_wconf 87' lang='lat' dir='ltr'>devinctus,</span> <span class='ocrx_word' id='word_1_106' title='bbox 723 1405 866 1471; x_wconf 92' lang='lat' dir='ltr'>omnium</span> <span class='ocrx_word' id='word_1_107' title='bbox 888 1405 982 1471; x_wconf 88' lang='lat' dir='ltr'>nobis</span> <span class='ocrx_word' id='word_1_108' title='bbox 1007 1405 1122 1472; x_wconf 87' lang='lat' dir='ltr'>amico·</span> 
     </span>
     <span class='ocr_line' id='line_1_16' title="bbox 115 1493 1124 1577; baseline 0 -20"><span class='ocrx_word' id='word_1_109' title='bbox 115 1516 186 1558; x_wconf 92' lang='lat' dir='ltr'>rum</span> <span class='ocrx_word' id='word_1_110' title='bbox 213 1495 466 1577; x_wconf 80' lang='lat' dir='ltr'>vetustissimus,</span> <span class='ocrx_word' id='word_1_111' title='bbox 497 1494 610 1560; x_wconf 88' lang='lat' dir='ltr'>ducem</span> <span class='ocrx_word' id='word_1_112' title='bbox 638 1515 673 1559; x_wconf 90' lang='lat' dir='ltr'>se</span> <span class='ocrx_word' id='word_1_113' title='bbox 704 1494 819 1559; x_wconf 86' lang='lat' dir='ltr'>sceleri</span> <span class='ocrx_word' id='word_1_114' title='bbox 846 1497 938 1558; x_wconf 89' lang='lat' dir='ltr'>tanto</span> <span class='ocrx_word' id='word_1_115' title='bbox 965 1493 1124 1577; x_wconf 84' lang='lat' dir='ltr'>praebuit.</span> 
     </span>
     <span class='ocr_line' id='line_1_17' title="bbox 114 1580 1161 1647; baseline -0.002 -1"><span class='ocrx_word' id='word_1_116' title='bbox 114 1581 265 1646; x_wconf 88' lang='lat' dir='ltr'>Minister</span> <span class='ocrx_word' id='word_1_117' title='bbox 297 1583 366 1647; x_wconf 87' lang='lat' dir='ltr'>eius</span> <span class='ocrx_word' id='word_1_118' title='bbox 393 1580 541 1646; x_wconf 87' lang='lat' dir='ltr'>Philotas</span> <span class='ocrx_word' id='word_1_119' title='bbox 568 1581 763 1647; x_wconf 80' lang='lat' dir='ltr'>Peucolaum</span> <span class='ocrx_word' id='word_1_120' title='bbox 796 1585 829 1646; x_wconf 91' lang='lat' dir='ltr'>et</span> <span class='ocrx_word' id='word_1_121' title='bbox 854 1580 1057 1647; x_wconf 87' lang='lat' dir='ltr'>Demetrium</span> <span class='ocrx_word' id='word_1_122' title='bbox 1091 1583 1161 1645; x_wconf 77' lang='lat' dir='ltr'>eto</span> 
     </span>
     <span class='ocr_line' id='line_1_18' title="bbox 115 1669 1123 1753; baseline -0.001 -20"><span class='ocrx_word' id='word_1_123' title='bbox 115 1669 201 1735; x_wconf 91' lang='lat' dir='ltr'>hune</span> <span class='ocrx_word' id='word_1_124' title='bbox 231 1669 410 1753; x_wconf 85' lang='lat' dir='ltr'>Dymnum,</span> <span class='ocrx_word' id='word_1_125' title='bbox 447 1670 536 1734; x_wconf 89' lang='lat' dir='ltr'>cuius</span> <span class='ocrx_word' id='word_1_126' title='bbox 570 1691 685 1752; x_wconf 89' lang='lat' dir='ltr'>corpus</span> <span class='ocrx_word' id='word_1_127' title='bbox 722 1669 903 1751; x_wconf 89' lang='lat' dir='ltr'>adspicitis,</span> <span class='ocrx_word' id='word_1_128' title='bbox 938 1672 1123 1752; x_wconf 89' lang='lat' dir='ltr'>ceterosque</span> 
     </span>
     <span class='ocr_line' id='line_1_19' title="bbox 63 1756 1160 1840; baseline 0.002 -20"><span class='ocrx_word' id='word_1_129' title='bbox 63 1765 106 1830; x_wconf 86' lang='lat'>33</span> <span class='ocrx_word' id='word_1_130' title='bbox 117 1756 258 1821; x_wconf 89' lang='lat' dir='ltr'>eiusdem</span> <span class='ocrx_word' id='word_1_131' title='bbox 277 1758 437 1821; x_wconf 89' lang='lat' dir='ltr'>amentiae</span> <span class='ocrx_word' id='word_1_132' title='bbox 458 1757 494 1821; x_wconf 90' lang='grc'>111</span> <span class='ocrx_word' id='word_1_133' title='bbox 512 1761 610 1840; x_wconf 88' lang='lat' dir='ltr'>eaput</span> <span class='ocrx_word' id='word_1_134' title='bbox 632 1777 739 1821; x_wconf 88' lang='lat' dir='ltr'>meum</span> <span class='ocrx_word' id='word_1_135' title='bbox 758 1756 968 1823; x_wconf 88' lang='lat' dir='ltr'>subornavit&#39;.</span> <span class='ocrx_word' id='word_1_136' title='bbox 1002 1756 1122 1820; x_wconf 84' lang='lat' dir='ltr'>Fremi·</span> <span class='ocrx_word' id='word_1_137' title='bbox 1142 1773 1160 1822; x_wconf 81' lang='lat' dir='ltr'>e</span> 
     </span>
     <span class='ocr_line' id='line_1_20' title="bbox 116 1843 1124 1927; baseline -0.001 -20"><span class='ocrx_word' id='word_1_138' title='bbox 116 1847 170 1908; x_wconf 92' lang='lat' dir='ltr'>tus</span> <span class='ocrx_word' id='word_1_139' title='bbox 186 1843 327 1926; x_wconf 90' lang='lat' dir='ltr'>undique</span> <span class='ocrx_word' id='word_1_140' title='bbox 346 1844 582 1926; x_wconf 84' lang='lat' dir='ltr'>indignantium</span> <span class='ocrx_word' id='word_1_141' title='bbox 601 1844 866 1927; x_wconf 86' lang='lat' dir='ltr'>querentiumque</span> <span class='ocrx_word' id='word_1_142' title='bbox 885 1846 956 1909; x_wconf 88' lang='lat' dir='ltr'>tota</span> <span class='ocrx_word' id='word_1_143' title='bbox 975 1844 1124 1909; x_wconf 91' lang='lat' dir='ltr'>contione</span> 
     </span>
     <span class='ocr_line' id='line_1_21' title="bbox 117 1930 1123 2014; baseline -0.001 -18"><span class='ocrx_word' id='word_1_144' title='bbox 117 1931 340 2014; x_wconf 87' lang='lat' dir='ltr'>obstrepebat,</span> <span class='ocrx_word' id='word_1_145' title='bbox 363 1930 468 2014; x_wconf 91' lang='lat' dir='ltr'>qualis</span> <span class='ocrx_word' id='word_1_146' title='bbox 491 1931 576 1996; x_wconf 91' lang='lat' dir='ltr'>solet</span> <span class='ocrx_word' id='word_1_147' title='bbox 598 1952 667 1995; x_wconf 86' lang='lat' dir='ltr'>esse</span> <span class='ocrx_word' id='word_1_148' title='bbox 689 1931 908 1996; x_wconf 87' lang='lat' dir='ltr'>multitudinis</span> <span class='ocrx_word' id='word_1_149' title='bbox 932 1934 965 1995; x_wconf 92' lang='lat' dir='ltr'>et</span> <span class='ocrx_word' id='word_1_150' title='bbox 987 1931 1123 1995; x_wconf 82' lang='lat' dir='ltr'>maxime</span> 
     </span>
     <span class='ocr_line' id='line_1_22' title="bbox 117 2017 1158 2103; baseline 0.002 -21"><span class='ocrx_word' id='word_1_151' title='bbox 117 2018 283 2103; x_wconf 88' lang='lat' dir='ltr'>militaris,</span> <span class='ocrx_word' id='word_1_152' title='bbox 308 2018 365 2083; x_wconf 92' lang='lat' dir='ltr'>ubi</span> <span class='ocrx_word' id='word_1_153' title='bbox 388 2022 444 2083; x_wconf 89' lang='lat' dir='ltr'>aut</span> <span class='ocrx_word' id='word_1_154' title='bbox 467 2019 573 2083; x_wconf 87' lang='lat' dir='ltr'>studio</span> <span class='ocrx_word' id='word_1_155' title='bbox 597 2018 705 2103; x_wconf 87' lang='lat' dir='ltr'>agitur</span> <span class='ocrx_word' id='word_1_156' title='bbox 728 2022 786 2083; x_wconf 90' lang='lat' dir='ltr'>aut</span> <span class='ocrx_word' id='word_1_157' title='bbox 806 2018 865 2084; x_wconf 87' lang='lat' dir='ltr'>ira.</span> <span class='ocrx_word' id='word_1_158' title='bbox 905 2017 1123 2083; x_wconf 89' lang='lat' dir='ltr'>Nicomachus</span> <span class='ocrx_word' id='word_1_159' title='bbox 1143 2035 1158 2084; x_wconf 73' lang='lat' dir='ltr'>r</span> 
     </span>
     <span class='ocr_line' id='line_1_23' title="bbox 118 2104 1151 2190; baseline -0.001 -18"><span class='ocrx_word' id='word_1_160' title='bbox 118 2107 233 2172; x_wconf 91' lang='lat' dir='ltr'>deinde</span> <span class='ocrx_word' id='word_1_161' title='bbox 253 2112 287 2172; x_wconf 93' lang='lat' dir='ltr'>et</span> <span class='ocrx_word' id='word_1_162' title='bbox 304 2105 433 2171; x_wconf 91' lang='lat' dir='ltr'>Metron</span> <span class='ocrx_word' id='word_1_163' title='bbox 451 2111 484 2172; x_wconf 88' lang='lat' dir='ltr'>et</span> <span class='ocrx_word' id='word_1_164' title='bbox 502 2104 676 2172; x_wconf 78' lang='lat' dir='ltr'>Cebalinus</span> <span class='ocrx_word' id='word_1_165' title='bbox 698 2106 860 2190; x_wconf 88' lang='lat' dir='ltr'>producti,</span> <span class='ocrx_word' id='word_1_166' title='bbox 884 2128 966 2190; x_wconf 90' lang='lat' dir='ltr'>quae</span> <span class='ocrx_word' id='word_1_167' title='bbox 989 2107 1124 2190; x_wconf 86' lang='lat' dir='ltr'>quisque</span> <span class='ocrx_word' id='word_1_168' title='bbox 1147 2144 1151 2150; x_wconf 90' lang='lat'>·</span> 
     </span>
     <span class='ocr_line' id='line_1_24' title="bbox 117 2193 1124 2280; baseline 0 -21"><span class='ocrx_word' id='word_1_169' title='bbox 117 2196 290 2280; x_wconf 88' lang='lat' dir='ltr'>detulerat,</span> <span class='ocrx_word' id='word_1_170' title='bbox 317 2198 489 2278; x_wconf 86' lang='lat' dir='ltr'>exponunt.</span> <span class='ocrx_word' id='word_1_171' title='bbox 539 2194 669 2261; x_wconf 90' lang='lat' dir='ltr'>Nullius</span> <span class='ocrx_word' id='word_1_172' title='bbox 697 2217 808 2260; x_wconf 87' lang='lat' dir='ltr'>eorum</span> <span class='ocrx_word' id='word_1_173' title='bbox 834 2194 954 2260; x_wconf 90' lang='lat' dir='ltr'>indicio</span> <span class='ocrx_word' id='word_1_174' title='bbox 976 2193 1124 2259; x_wconf 88' lang='lat' dir='ltr'>Philotas</span> 
     </span>
     <span class='ocr_line' id='line_1_25' title="bbox 116 2281 1125 2367; baseline 0.001 -20"><span class='ocrx_word' id='word_1_175' title='bbox 116 2283 201 2348; x_wconf 87' lang='lat' dir='ltr'>inter</span> <span class='ocrx_word' id='word_1_176' title='bbox 222 2283 397 2366; x_wconf 83' lang='lat' dir='ltr'>participes</span> <span class='ocrx_word' id='word_1_177' title='bbox 420 2283 550 2349; x_wconf 88' lang='lat' dir='ltr'>sceleris</span> <span class='ocrx_word' id='word_1_178' title='bbox 572 2283 805 2348; x_wconf 86' lang='lat' dir='ltr'>destinabatur.</span> <span class='ocrx_word' id='word_1_179' title='bbox 840 2281 954 2367; x_wconf 88' lang='lat' dir='ltr'>Itaque</span> <span class='ocrx_word' id='word_1_180' title='bbox 977 2283 1125 2367; x_wconf 88' lang='lat' dir='ltr'>indigna-</span> 
     </span>
     <span class='ocr_line' id='line_1_26' title="bbox 116 2369 1159 2454; baseline 0.001 -19"><span class='ocrx_word' id='word_1_181' title='bbox 116 2371 206 2436; x_wconf 90' lang='lat' dir='ltr'>tione</span> <span class='ocrx_word' id='word_1_182' title='bbox 238 2392 389 2454; x_wconf 84' lang='lat' dir='ltr'>expressa</span> <span class='ocrx_word' id='word_1_183' title='bbox 419 2394 483 2437; x_wconf 85' lang='lat' dir='ltr'>vox</span> <span class='ocrx_word' id='word_1_184' title='bbox 514 2371 644 2436; x_wconf 88' lang='lat' dir='ltr'>silentio</span> <span class='ocrx_word' id='word_1_185' title='bbox 675 2376 807 2453; x_wconf 83' lang='lat' dir='ltr'>excepta</span> <span class='ocrx_word' id='word_1_186' title='bbox 839 2373 897 2435; x_wconf 86' lang='lat' dir='ltr'>est.</span> <span class='ocrx_word' id='word_1_187' title='bbox 946 2369 1029 2434; x_wconf 84' lang='lat' dir='ltr'>Tum</span> <span class='ocrx_word' id='word_1_188' title='bbox 1058 2388 1159 2453; x_wconf 84' lang='lat' dir='ltr'>rex,8</span> 
     </span>
     <span class='ocr_line' id='line_1_27' title="bbox 118 2456 1124 2544; baseline -0.001 -23"><span class='ocrx_word' id='word_1_189' title='bbox 118 2456 267 2543; x_wconf 77' lang='lat' dir='ltr'>‘Qualis&#39;,</span> <span class='ocrx_word' id='word_1_190' title='bbox 287 2459 407 2544; x_wconf 91' lang='lat' dir='ltr'>inquit,</span> <span class='ocrx_word' id='word_1_191' title='bbox 435 2457 524 2544; x_wconf 77' lang='lat' dir='ltr'>‘ergo</span> <span class='ocrx_word' id='word_1_192' title='bbox 548 2460 650 2523; x_wconf 89' lang='lat' dir='ltr'>animi</span> <span class='ocrx_word' id='word_1_193' title='bbox 671 2459 765 2522; x_wconf 86' lang='lat' dir='ltr'>vobis</span> <span class='ocrx_word' id='word_1_194' title='bbox 787 2458 927 2540; x_wconf 86' lang='lat' dir='ltr'>videtur,</span> <span class='ocrx_word' id='word_1_195' title='bbox 951 2458 1007 2540; x_wconf 92' lang='lat' dir='ltr'>qui</span> <span class='ocrx_word' id='word_1_196' title='bbox 1028 2456 1124 2521; x_wconf 90' lang='lat' dir='ltr'>huius</span> 
     </span>
     <span class='ocr_line' id='line_1_28' title="bbox 117 2543 1162 2627; baseline 0 -17"><span class='ocrx_word' id='word_1_197' title='bbox 117 2546 166 2610; x_wconf 90' lang='lat' dir='ltr'>rei</span> <span class='ocrx_word' id='word_1_198' title='bbox 188 2546 329 2611; x_wconf 88' lang='lat' dir='ltr'>delatum</span> <span class='ocrx_word' id='word_1_199' title='bbox 347 2546 501 2611; x_wconf 89' lang='lat' dir='ltr'>indicium</span> <span class='ocrx_word' id='word_1_200' title='bbox 520 2546 560 2610; x_wconf 90' lang='lat' dir='ltr'>ad</span> <span class='ocrx_word' id='word_1_201' title='bbox 579 2547 685 2627; x_wconf 87' lang='lat' dir='ltr'>ipsum</span> <span class='ocrx_word' id='word_1_202' title='bbox 704 2544 908 2627; x_wconf 79' lang='lat' dir='ltr'>suppressit?</span> <span class='ocrx_word' id='word_1_203' title='bbox 945 2543 1036 2619; x_wconf 84' lang='lat' dir='ltr'>Quod</span> <span class='ocrx_word' id='word_1_204' title='bbox 1059 2562 1162 2610; x_wconf 86' lang='lat' dir='ltr'>nona</span> 
     </span>
     <span class='ocr_line' id='line_1_29' title="bbox 118 2630 1124 2715; baseline -0.003 -16"><span class='ocrx_word' id='word_1_205' title='bbox 118 2633 218 2698; x_wconf 85' lang='lat' dir='ltr'>fuisse</span> <span class='ocrx_word' id='word_1_206' title='bbox 241 2656 361 2699; x_wconf 85' lang='lat' dir='ltr'>vanum</span> <span class='ocrx_word' id='word_1_207' title='bbox 383 2631 503 2715; x_wconf 86' lang='lat' dir='ltr'>Dymni</span> <span class='ocrx_word' id='word_1_208' title='bbox 527 2633 631 2697; x_wconf 85' lang='lat' dir='ltr'>exitus</span> <span class='ocrx_word' id='word_1_209' title='bbox 654 2632 804 2695; x_wconf 87' lang='lat' dir='ltr'>declaret.</span> <span class='ocrx_word' id='word_1_210' title='bbox 845 2630 884 2695; x_wconf 96' lang='lat' dir='ltr'>In</span> <span class='ocrx_word' id='word_1_211' title='bbox 907 2635 1028 2696; x_wconf 87' lang='lat' dir='ltr'>certam</span> <span class='ocrx_word' id='word_1_212' title='bbox 1056 2653 1124 2696; x_wconf 91' lang='lat' dir='ltr'>rem</span> 
     </span>
     <span class='ocr_line' id='line_1_30' title="bbox 118 2716 1125 2801; baseline -0.001 -15"><span class='ocrx_word' id='word_1_213' title='bbox 118 2721 263 2787; x_wconf 89' lang='lat' dir='ltr'>deferens</span> <span class='ocrx_word' id='word_1_214' title='bbox 291 2723 456 2785; x_wconf 86' lang='lat' dir='ltr'>tormenta</span> <span class='ocrx_word' id='word_1_215' title='bbox 482 2740 549 2784; x_wconf 94' lang='lat' dir='ltr'>non</span> <span class='ocrx_word' id='word_1_216' title='bbox 574 2719 687 2783; x_wconf 90' lang='lat' dir='ltr'>timuit</span> <span class='ocrx_word' id='word_1_217' title='bbox 714 2716 899 2801; x_wconf 87' lang='lat' dir='ltr'>Cebalinus,</span> <span class='ocrx_word' id='word_1_218' title='bbox 930 2719 1054 2785; x_wconf 79' lang='lat' dir='ltr'>Metron</span> <span class='ocrx_word' id='word_1_219' title='bbox 1084 2742 1125 2785; x_wconf 93' lang='lat' dir='ltr'>ne</span> 
     </span>
     <span class='ocr_line' id='line_1_31' title="bbox 118 2805 1126 2892; baseline -0.001 -18"><span class='ocrx_word' id='word_1_220' title='bbox 118 2812 317 2874; x_wconf 87' lang='lat' dir='ltr'>momentum</span> <span class='ocrx_word' id='word_1_221' title='bbox 340 2807 468 2890; x_wconf 90' lang='lat' dir='ltr'>quidem</span> <span class='ocrx_word' id='word_1_222' title='bbox 489 2807 646 2889; x_wconf 88' lang='lat' dir='ltr'>temporis</span> <span class='ocrx_word' id='word_1_223' title='bbox 669 2805 797 2871; x_wconf 89' lang='lat' dir='ltr'>distulit</span> <span class='ocrx_word' id='word_1_224' title='bbox 821 2828 992 2872; x_wconf 84' lang='lat' dir='ltr'>exonerare</span> <span class='ocrx_word' id='word_1_225' title='bbox 1015 2830 1064 2892; x_wconf 90' lang='lat' dir='ltr'>se,</span> <span class='ocrx_word' id='word_1_226' title='bbox 1089 2812 1126 2873; x_wconf 94' lang='lat' dir='ltr'>ut</span> 
     </span>
     <span class='ocr_line' id='line_1_32' title="bbox 119 2893 1124 2978; baseline -0.001 -17"><span class='ocrx_word' id='word_1_227' title='bbox 119 2919 170 2978; x_wconf 90' lang='lat' dir='ltr'>eo,</span> <span class='ocrx_word' id='word_1_228' title='bbox 206 2895 263 2959; x_wconf 93' lang='lat' dir='ltr'>ubi</span> <span class='ocrx_word' id='word_1_229' title='bbox 300 2895 447 2978; x_wconf 87' lang='lat' dir='ltr'>lavabar,</span> <span class='ocrx_word' id='word_1_230' title='bbox 484 2894 697 2977; x_wconf 88' lang='lat' dir='ltr'>inrumperet:</span> <span class='ocrx_word' id='word_1_231' title='bbox 734 2893 882 2960; x_wconf 89' lang='lat' dir='ltr'>Philotas</span> <span class='ocrx_word' id='word_1_232' title='bbox 920 2896 1007 2960; x_wconf 87' lang='lat' dir='ltr'>solus</span> <span class='ocrx_word' id='word_1_233' title='bbox 1043 2896 1124 2960; x_wconf 91' lang='lat' dir='ltr'>nihil</span> 
     </span>
     <span class='ocr_line' id='line_1_33' title="bbox 117 2981 1179 3067; baseline 0.005 -21"><span class='ocrx_word' id='word_1_234' title='bbox 117 2983 241 3065; x_wconf 90' lang='lat' dir='ltr'>timuit,</span> <span class='ocrx_word' id='word_1_235' title='bbox 272 2982 355 3045; x_wconf 93' lang='lat' dir='ltr'>nihil</span> <span class='ocrx_word' id='word_1_236' title='bbox 383 2981 525 3047; x_wconf 91' lang='lat' dir='ltr'>credidit.</span> <span class='ocrx_word' id='word_1_237' title='bbox 574 2981 601 3047; x_wconf 96' lang='grc'>0</span> <span class='ocrx_word' id='word_1_238' title='bbox 629 2983 742 3067; x_wconf 88' lang='lat' dir='ltr'>magni</span> <span class='ocrx_word' id='word_1_239' title='bbox 774 2983 875 3047; x_wconf 90' lang='lat' dir='ltr'>animi</span> <span class='ocrx_word' id='word_1_240' title='bbox 903 2984 1022 3049; x_wconf 84' lang='lat' dir='ltr'>virum!</span> <span class='ocrx_word' id='word_1_241' title='bbox 1057 2983 1124 3048; x_wconf 89' lang='lat' dir='ltr'>Iste</span> <span class='ocrx_word' id='word_1_242' title='bbox 1145 3002 1179 3051; x_wconf 85' lang='grc' dir='ltr'>ιο</span> 
     </span>
     <span class='ocr_line' id='line_1_34' title="bbox 117 3070 1125 3156; baseline 0 -22"><span class='ocrx_word' id='word_1_243' title='bbox 117 3071 205 3156; x_wconf 87' lang='lat' dir='ltr'>regis</span> <span class='ocrx_word' id='word_1_244' title='bbox 237 3070 380 3154; x_wconf 88' lang='lat' dir='ltr'>periculo</span> <span class='ocrx_word' id='word_1_245' title='bbox 418 3074 689 3154; x_wconf 86' lang='lat' dir='ltr'>commoveretur,</span> <span class='ocrx_word' id='word_1_246' title='bbox 724 3071 850 3135; x_wconf 88' lang='lat' dir='ltr'>vultum</span> <span class='ocrx_word' id='word_1_247' title='bbox 888 3075 1040 3153; x_wconf 90' lang='lat' dir='ltr'>mutaret,</span> <span class='ocrx_word' id='word_1_248' title='bbox 1077 3072 1125 3135; x_wconf 91' lang='lat' dir='ltr'>in·</span> 
     </span>
     <span class='ocr_line' id='line_1_35' title="bbox 117 3156 1176 3228; baseline 0.005 -5"><span class='ocrx_word' id='word_1_249' title='bbox 117 3159 220 3224; x_wconf 91' lang='lat' dir='ltr'>dicem</span> <span class='ocrx_word' id='word_1_250' title='bbox 251 3162 363 3223; x_wconf 86' lang='lat' dir='ltr'>tantae</span> <span class='ocrx_word' id='word_1_251' title='bbox 389 3159 436 3223; x_wconf 89' lang='lat' dir='ltr'>rei</span> <span class='ocrx_word' id='word_1_252' title='bbox 467 3159 625 3223; x_wconf 88' lang='lat' dir='ltr'>sollicitus</span> <span class='ocrx_word' id='word_1_253' title='bbox 654 3158 790 3224; x_wconf 84' lang='lat' dir='ltr'>audiret!</span> <span class='ocrx_word' id='word_1_254' title='bbox 828 3156 946 3223; x_wconf 80' lang='lat' dir='ltr'>Subest</span> <span class='ocrx_word' id='word_1_255' title='bbox 971 3159 1125 3223; x_wconf 88' lang='lat' dir='ltr'>nimirum</span> <span class='ocrx_word' id='word_1_256' title='bbox 1145 3177 1176 3228; x_wconf 85' lang='lat'>11</span> 
     </span>
     <span class='ocr_line' id='line_1_36' title="bbox 118 3246 1126 3329; baseline -0.001 -18"><span class='ocrx_word' id='word_1_257' title='bbox 118 3247 248 3312; x_wconf 88' lang='lat' dir='ltr'>silentio</span> <span class='ocrx_word' id='word_1_258' title='bbox 272 3246 397 3312; x_wconf 86' lang='lat' dir='ltr'>facinus</span> <span class='ocrx_word' id='word_1_259' title='bbox 420 3249 453 3311; x_wconf 93' lang='lat' dir='ltr'>et</span> <span class='ocrx_word' id='word_1_260' title='bbox 480 3246 573 3312; x_wconf 84' lang='lat' dir='ltr'>avida</span> <span class='ocrx_word' id='word_1_261' title='bbox 605 3268 678 3329; x_wconf 90' lang='lat' dir='ltr'>spes</span> <span class='ocrx_word' id='word_1_262' title='bbox 706 3246 796 3329; x_wconf 88' lang='lat' dir='ltr'>regni</span> <span class='ocrx_word' id='word_1_263' title='bbox 824 3247 1032 3329; x_wconf 85' lang='lat' dir='ltr'>praecipitem</span> <span class='ocrx_word' id='word_1_264' title='bbox 1056 3247 1126 3310; x_wconf 90' lang='lat' dir='ltr'>ani·</span> 
     </span>
     <span class='ocr_line' id='line_1_37' title="bbox 119 3333 1189 3421; baseline 0.001 -23"><span class='ocrx_word' id='word_1_265' title='bbox 119 3357 204 3399; x_wconf 92' lang='lat' dir='ltr'>mum</span> <span class='ocrx_word' id='word_1_266' title='bbox 225 3335 265 3400; x_wconf 87' lang='lat' dir='ltr'>ad</span> <span class='ocrx_word' id='word_1_267' title='bbox 288 3335 439 3399; x_wconf 90' lang='lat' dir='ltr'>ultimum</span> <span class='ocrx_word' id='word_1_268' title='bbox 457 3334 547 3397; x_wconf 85' lang='lat' dir='ltr'>nefas</span> <span class='ocrx_word' id='word_1_269' title='bbox 566 3334 692 3416; x_wconf 91' lang='lat' dir='ltr'>inpulit.</span> <span class='ocrx_word' id='word_1_270' title='bbox 724 3334 822 3398; x_wconf 88' lang='lat' dir='ltr'>Pater</span> <span class='ocrx_word' id='word_1_271' title='bbox 840 3333 965 3398; x_wconf 85' lang='lat' dir='ltr'>Mediae</span> <span class='ocrx_word' id='word_1_272' title='bbox 983 3335 1125 3416; x_wconf 79' lang='lat' dir='ltr'>praeest:</span> <span class='ocrx_word' id='word_1_273' title='bbox 1176 3388 1189 3421; x_wconf 90' lang='lat'>.:</span> 
     </span>
     <span class='ocr_line' id='line_1_38' title="bbox 119 3421 1189 3506; baseline 0.002 -21"><span class='ocrx_word' id='word_1_274' title='bbox 119 3422 187 3505; x_wconf 90' lang='lat' dir='ltr'>ipse</span> <span class='ocrx_word' id='word_1_275' title='bbox 219 3422 304 3506; x_wconf 90' lang='lat' dir='ltr'>apud</span> <span class='ocrx_word' id='word_1_276' title='bbox 340 3422 460 3487; x_wconf 90' lang='lat' dir='ltr'>multos</span> <span class='ocrx_word' id='word_1_277' title='bbox 492 3421 656 3504; x_wconf 88' lang='lat' dir='ltr'>copiarum</span> <span class='ocrx_word' id='word_1_278' title='bbox 690 3422 783 3486; x_wconf 88' lang='lat' dir='ltr'>duces</span> <span class='ocrx_word' id='word_1_279' title='bbox 818 3421 899 3485; x_wconf 90' lang='lat' dir='ltr'>meis</span> <span class='ocrx_word' id='word_1_280' title='bbox 931 3422 1126 3503; x_wconf 78' lang='lat' dir='ltr'>praepotens</span> <span class='ocrx_word' id='word_1_281' title='bbox 1176 3426 1189 3501; x_wconf 53' lang='grc' dir='ltr'>’,ἦ</span> 
     </span>
     <span class='ocr_line' id='line_1_39' title="bbox 118 3508 1189 3617; baseline -0.002 -42"><span class='ocrx_word' id='word_1_282' title='bbox 118 3509 240 3575; x_wconf 80' lang='lat' dir='ltr'>viribus</span> <span class='ocrx_word' id='word_1_283' title='bbox 267 3510 405 3594; x_wconf 86' lang='lat' dir='ltr'>maiora,</span> <span class='ocrx_word' id='word_1_284' title='bbox 435 3532 531 3598; x_wconf 87' lang='lat' dir='ltr'>quarn</span> <span class='ocrx_word' id='word_1_285' title='bbox 560 3510 657 3592; x_wconf 89' lang='lat' dir='ltr'>capit,</span> <span class='ocrx_word' id='word_1_286' title='bbox 685 3509 797 3592; x_wconf 85' lang='lat' dir='ltr'>spirat.</span> <span class='ocrx_word' id='word_1_287' title='bbox 843 3508 973 3572; x_wconf 88' lang='lat' dir='ltr'>Orbitas</span> <span class='ocrx_word' id='word_1_288' title='bbox 1000 3510 1189 3617; x_wconf 46' lang='lat' dir='ltr'>quoque*</span> 
     </span>
     <span class='ocr_line' id='line_1_40' title="bbox 1171 3614 1189 3647; baseline 0 0"><span class='ocrx_word' id='word_1_289' title='bbox 1171 3614 1189 3647; x_wconf 61' lang='lat' dir='ltr'>*b</span> 
     </span>
    </p>
   </div>
   <div class='ocr_carea' id='block_1_4' title="bbox 0 0 1229 3908">
    <p class='ocr_par' dir='ltr' id='par_1_4' title="bbox 0 0 1229 3908">
     <span class='ocr_line' id='line_1_41' title="bbox 0 0 1229 3908; baseline 0 0"><span class='ocrx_word' id='word_1_290' title='bbox 0 0 1229 3908; x_wconf 95' lang='lat' dir='ltr'> </span> 
     </span>
    </p>
   </div>
  </div>
 </body>
</html>
