2444 3908
294 147 547 203 HISTORIARUM
566 148 780 203 ALEXANDRI
797 150 848 218 IV,
869 157 892 204 6.
913 155 937 204 7.
1046 198 1048 203 .
1079 150 1123 213 49

114 297 182 357 tum
207 292 393 376 peregrinos
415 292 497 356 ritus
515 314 600 357 nova
619 292 775 357 subeunte
792 293 932 357 fortuna.
964 293 1025 358 Per
1039 295 1122 358 talos

114 382 200 444 enim
223 381 375 464 spirantis
398 381 468 444 lora
489 381 624 444 traiecta
646 384 723 444 sunt
744 381 975 465 religatumque
995 382 1035 445 ad
1053 403 1122 446 cur-

114 490 185 532 rum
207 472 332 532 traxere
356 468 440 532 circa
458 469 569 531 urbem
589 468 662 551 equi
682 469 840 552 gloriante
858 489 943 554 rege,
965 468 1123 552 Achillen,

115 578 134 619 a
161 578 224 639 quo
248 577 349 640 genus
372 556 441 639 ipse
465 555 645 639 deduceret,
674 556 836 620 imitatum
866 579 899 620 se
927 578 995 621 esse
1018 579 1123 640 poena

114 645 149 706 in
176 644 303 708 huelem
330 644 494 728 capienda.
539 641 687 708 Cecidere
716 643 887 708 Persarum
916 645 1123 729 Arabumque
1142 667 1178 714 30

116 733 199 794 circa
221 749 245 795 x
262 732 360 815 milia,
382 753 442 795 nec
456 731 685 796 Macedonibus
708 733 877 796 incruenta
897 733 1033 795 victoria
1054 733 1124 796 fuit.

116 816 249 883 Obsidio
277 823 361 883 certe
387 841 455 883 non
481 823 549 883 tarn
576 821 721 883 claritate
752 820 841 884 urbis
868 820 1040 883 nobilitata
1067 823 1124 903 est,

63 906 64 911 ’
117 928 213 990 quam
244 909 407 991 geminato
422 907 576 990 'periculo
603 908 697 991 regis.
743 907 805 983 Qui
827 906 1014 991 Aegyptum
1037 906 1124 971 adire

116 995 272 1058 festinans
294 995 463 1078 Amyntan
490 1015 562 1058 cum
591 1012 615 1058 x
636 995 819 1059 triremibus
846 996 881 1058 in
903 994 1124 1058 Macedoniam

116 1083 157 1146 ad
193 1083 434 1166 inquisitionem
470 1103 627 1146 novorum
660 1082 797 1146 militum
828 1082 924 1147 misit.
977 1081 1124 1165 Namque
1143 1103 1177 1150 31

117 1171 213 1233 etiam
236 1171 383 1235 secundis
407 1169 626 1235 atterebantur
647 1173 760 1233 tamen
774 1171 892 1253 copiae,
915 1169 1124 1233 devictarum-

118 1279 178 1340 que
202 1259 346 1342 gentium
368 1259 463 1322 militi
485 1258 589 1322 minor
612 1279 708 1342 quam
731 1257 906 1322 domestico
928 1257 1008 1322 fides
1028 1257 1125 1321 habe·

116 1344 220 1410 hatur.

584 1523 613 1567 P.
700 1553 707 1567 .

63 1595 106 1660 29
205 1608 370 1692 Aegyptii,
402 1607 479 1672 olim
502 1501 814 1692 Pellamhssopibus
837 1609 975 1691 infensi,
1008 1609 1159 1693 quippe1

118 1716 212 1758 avare
236 1701 269 1758 et
291 1695 426 1778 superbe
448 1696 666 1778 imperitatum
692 1697 754 1760 sibi
777 1718 847 1760 esse
870 1697 1056 1780 credebant,
1085 1697 1126 1759 ad

119 1801 209 1863 spem
248 1780 403 1845 adventus
439 1783 508 1845 eius
544 1787 711 1846 erexerant
746 1784 883 1866 animos,
923 1787 1034 1866 utpote
1071 1784 1127 1865 qui

118 1868 294 1949 Amyntam
318 1888 442 1951 quoque
464 1869 667 1952 transfugam
690 1873 723 1934 et
741 1891 813 1933 cum
830 1871 973 1953 precario
992 1871 1126 1952 imperio

118 1956 300 2031 venientem
329 1956 407 2019 laeti
432 1956 637 2038 recepissent.
684 1955 788 2040 Igitur
810 1956 925 2040 ingens
954 1958 1161 2024 multitudoa

118 2043 292 2125 Pelusium,
316 2063 379 2126 qua
393 2044 572 2107 intraturus
585 2043 760 2127 videbatur,
783 2048 984 2108 convenerat.
1019 2044 1127 2127 Atque

117 2132 172 2195 ille
196 2131 332 2214 septim0
357 2130 420 2215 die,
442 2134 613 2214 postquam
636 2129 763 2194 aGaza
786 2132 893 2214 copias
916 2134 1069 2215 moverat,
1092 2133 1127 2194 in

118 2220 284 2304 regionem
311 2219 469 2304 Aegypti,
501 2239 596 2301 quarn
627 2240 713 2282 nuno
740 2223 845 2283 castra
871 2219 1046 2283 Alexandri
1072 2241 1127 2283 vo-

120 2310 204 2390 cant,
225 2308 378 2389 pervenit.
409 2305 532 2371 Deinde
554 2307 755 2389 pedestribus
778 2308 878 2389 copiis
891 2307 1054 2371 Pelusium
1073 2327 1161 2389 poa

119 2397 187 2457 tere
215 2394 311 2458 iussis
340 2395 409 2477 ipse
429 2415 512 2458 eum
542 2395 688 2476 expedita
706 2395 908 2457 'delectorum
931 2416 1029 2457 manu
1050 2393 1126 2458 Nilo

120 2502 213 2545 amne
235 2485 345 2546 vectus
373 2484 431 2545 est.
474 2479 543 2544 Nec
566 2482 744 2545 sustinuere
768 2481 940 2544 adventum
963 2483 1030 2544 eius
1053 2480 1127 2544 Per·

120 2591 184 2653 sae,
206 2569 382 2634 defectione
406 2589 532 2652 quoque
555 2569 723 2650 perterriti.
757 2568 889 2650 lamque
910 2567 998 2630 haud
1015 2570 1127 2649 procul
1145 2589 1162 2635 4

120 2657 264 2740 Memphi
278 2661 360 2730 erat:
382 2657 418 2720 in
432 2657 521 2718 cuius
535 2655 693 2737 praesidio
707 2654 861 2737 Mazaces,
879 2659 1008 2737 praetor
1021 2655 1127 2738 Darei,
1158 2676 1160 2680 ·

120 2746 250 2809 relictus
268 2746 311 2809 ad
324 2743 512 2809 Cercasoron
530 2763 623 2804 amne
643 2747 791 2825 superato
806 2743 992 2826 octingenta
1005 2745 1128 2808 talenta

121 2833 305 2896 Alexandro
328 2850 517 2912 omnemque
538 2831 657 2914 regiam
678 2831 907 2913 supellectilem
925 2831 1066 2895 tradidit.
1097 2832 1127 2894 A
1146 2850 1162 2898 5

121 2918 265 3002 Memphi
297 2920 407 2983 eodem
438 2917 568 2980 flumine
599 2923 707 2981 vectus
740 2919 780 2981 ad
806 2919 960 2982 interiora
986 2919 1128 3003 Aegypti

121 3010 271 3090 penetrat
302 3006 539 3088 conpositisque
570 3006 664 3068 rebus
692 3007 751 3086 ita,
782 3009 819 3068 ut
847 3006 928 3068 nihil
956 3028 994 3070 ex
1023 3009 1127 3090 patrio

121 3095 355 3179 Aegyptiorum
391 3114 479 3156 more
512 3096 665 3173 mutaret,
703 3093 789 3155 adire
820 3091 906 3157 Iovis
937 3094 1127 3158 Hammonis

126 3183 291 3247 oraculum
315 3181 435 3244 statuit.
473 3179 540 3244 Iter
562 3180 715 3262 expeditis
740 3203 863 3263 quoque
887 3185 919 3244 et
941 3184 1051 3263 paucis
1074 3183 1162 3250 rixo

121 3271 288 3334 tolerabile
309 3268 553 3354 ingrediendum
577 3271 658 3330 erat:
688 3272 774 3330 terra
796 3271 945 3352 caeloque
973 3292 1127 3352 aquarum

121 3358 256 3440 penuria
283 3361 344 3439 est,
374 3356 498 3421 steriles
527 3355 665 3418 harenae
694 3356 812 3437 iacent,
843 3378 922 3439 quas
945 3358 1001 3419 ubi
1027 3379 1128 3438 vapor

123 3446 199 3508 solis
227 3445 384 3528 accendit,
415 3443 538 3507 fervido
566 3444 635 3506 solo
663 3447 813 3506 exurente
838 3445 988 3527 vestigia,
1015 3444 1128 3506 intole-

120 3532 233 3597 rabilis
264 3536 371 3596 aestus
404 3532 519 3595 existit.
563 3527 825 3613 Luctandumque
855 3535 904 3592 est
930 3552 996 3593 non
1025 3532 1133 3593 solum
1147 3553 1169 3596 a

175 3633 267 3675 ouran·
280 3635 359 3675 suas.
967 3639 988 3679 a
