2444 3908
279 131 532 187 HISTORIARUM
550 133 769 187 ALEXANDRI‘
782 134 835 204 IV,
854 140 880 190 ὃ.
1044 136 1088 198 45

81 298 207 360 quoque
233 279 363 359 recepta
379 273 494 340 Chium
517 277 630 341 incolis
653 279 739 342 ultro
761 278 950 342 vocantibus
969 281 1088 343 statue·

80 369 156 427 rant
179 385 347 448 occupare:
381 364 436 428 sed
458 363 701 448 Pharnabazus,
727 363 825 429 Darei
847 370 990 450 praetor,
1013 360 1087 430 oon-

80 452 260 535 prehensiS,
295 452 350 535 qui
380 445 432 515 res
466 451 506 515 ad
537 451 729 516 Macedonas
761 454 947 537 trahebant,
978 477 1087 518 rursus

81 539 268 622 Apollonidi
308 543 340 603 et
375 539 617 624 Athenagorae,
658 563 787 604 suarum
825 543 966 624 partium
1001 543 1087 626 viriS,

80 629 192 691 urbem
224 649 296 692 cum
328 627 452 691 modico
484 628 644 710 praesidio
673 629 810 691 militum
840 629 947 692 tradit.
991 629 1140 701 Prae-16

79 716 157 780 fecti
180 715 355 779 Alexandri
376 716 411 779 in
435 716 600 780 obsidione
623 716 711 780 urbis
733 717 996 799 perseverabant,
1020 739 1087 781 non

81 807 149 866 tam
178 803 243 867 suis
271 804 324 884 pst
349 802 471 867 viribus
498 825 595 887 quam
622 804 779 888 ipsorum,
811 805 866 887 qui
898 805 1086 868 obsideban-

80 895 149 974 tur,
179 892 353 964 voluntate.
408 889 477 955 Nec
508 892 623 955 fefellit
654 892 772 975 opinio.
827 890 974 974 Namque
1003 893 1088 956 inter

80 977 307 1062 Apollonidem
330 982 363 1042 et
385 979 481 1043 duces
504 980 642 1042 militum
662 983 733 1044 orta
751 979 866 1044 seditio
884 980 1088 1063 inrumpendi

80 1067 115 1128 in
145 1068 258 1131 urbem
290 1067 489 1131 occasionem
517 1067 613 1131 dedit.
666 1066 809 1151 Cumque
835 1070 930 1151 porta
957 1069 1088 1132 effracta
1108 1090 1141 1138 ιτ,

81 1154 196 1218 cohors
222 1154 435 1218 Macedonum
465 1156 631 1238 intrasset,
664 1155 817 1239 oppidani
848 1155 925 1219 olim
952 1156 1087 1220 oonsilio

80 1242 273 1323 proditionis
301 1242 425 1326 agitato
448 1243 628 1328 adgregant
651 1265 684 1308 se
706 1243 905 1326 Amphotero
928 1247 961 1307 et
981 1243 1086 1327 Hege-

80 1329 191 1393 locho:
213 1328 445 1414 Persarumque
467 1332 628 1414 praesidio
651 1352 744 1396 caeso
762 1330 990 1395 Pharnabazus
1014 1353 1139 1401 cum18

81 1416 275 1500 Apollonide
307 1420 339 1482 et
369 1419 580 1503 Athenagora
609 1419 710 1482 vincti
738 1419 923 1502 traduntur,
954 1437 1004 1482 ΧΠ
1030 1419 1087 1482 tri-

80 1527 184 1570 remes
207 1527 279 1570 oum
302 1528 360 1570 suo
383 1507 484 1570 milite
507 1528 544 1570 ac
565 1507 695 1591 remige,
719 1510 847 1589 praeter
870 1528 923 1570 eas
946 1524 1017 1570 xxx
1039 1507 1087 1570 in-

81 1615 158 1657 anes
189 1598 221 1658 et
251 1617 299 1654 aa
329 1595 456 1676 piratici
482 1595 581 1658 lembi
609 1594 866 1679 Graecorumque
896 1612 934 1658 111
957 1595 1088 1658 miliae

80 1681 186 1744 Persis
213 1683 357 1746 mercede
385 1681 551 1746 eonducta.
601 1681 662 1745 His
689 1682 724 1744 in
752 1683 1009 1765 supplementum
1037 1703 1086 1746 co-

81 1768 208 1850 piarum
235 1790 364 1832 suarum
387 1769 565 1833 distributis
587 1769 761 1851 piratisque
781 1770 936 1852 supplicio
953 1769 1087 1833 adfectis
1132 1823 1141 1839 „

82 1855 226 1937 captivos
248 1855 385 1938 remiges
408 1855 550 1919 adiecere
573 1857 668 1920 classi
691 1877 775 1919 suae.
1111 1841 1159 1906 K

35 1946 73 2010 24
170 1941 267 2006 Forte
282 1941 494 2026 Aristonicus,
515 1941 815 2024 Methymnaeorum
831 1947 996 2024 tyrannus,
1015 1965 1087 2006 oum
1108 1965 1140 2013 19

82 2031 225 2113 piraticis
256 2031 393 2095 navibus
419 2031 551 2115 ignarus
575 2031 731 2113 omnium,
761 2051 841 2113 quae
864 2031 949 2114 apud
972 2029 1086 2095 Chium

82 2121 154 2182 acta
177 2123 282 2203 erant,
309 2119 414 2201 prima
439 2118 551 2203 vigilia
578 2119 618 2182 ad
640 2122 752 2202 portus
775 2120 914 2183 claustra
937 2119 1089 2183 successit

81 2207 362 2291 interrogatusque
385 2229 404 2270 a
427 2207 625 2290 custodibus,
652 2207 723 2290 quis
746 2209 845 2285 esset,
867 2206 1087 2271 Aristonicum

82 2295 123 2357 ad
145 2294 389 2359 Pharnabazum
419 2296 526 2358 venire
548 2295 723 2378 respondit.
768 2293 821 2358 Illi
842 2294 1087 2359 Pharnabazum
1106 2317 1140 2365 zo

83 2382 210 2464 quidem
232 2383 297 2447 iam
320 2383 481 2466 quiescere
499 2386 531 2445 et
549 2404 615 2447 non
638 2404 731 2465 posse
749 2386 819 2446 tum
837 2382 925 2464 adiri,
948 2386 1087 2446 ceterum

82 2474 192 2552 patere
215 2472 303 2535 socio
326 2474 422 2553 atque
444 2470 565 2552 hospiti
582 2473 711 2552 portum
730 2473 762 2533 et
779 2473 909 2551 postero
924 2470 974 2532 die
987 2469 1087 2532 Phar-

82 2557 197 2622 nabazi
224 2559 350 2642 copiam
372 2558 441 2621 fore
465 2557 643 2620 adfirmant.
688 2555 757 2619 Neo
780 2556 939 2619 dubitavit
961 2555 1086 2619 Aristo·
1106 2579 1137 2626 21

82 2645 174 2710 nicus
197 2647 319 2729 primus
342 2645 472 2726 intrare,
495 2645 595 2707 secuti
619 2647 693 2707 sunt
712 2644 824 2707 ducem
842 2643 968 2727 piratici
981 2644 1088 2728 lembi,
1157 2672 1160 2676 ·

83 2754 128 2814 ac,
152 2733 228 2796 dum
251 2733 414 2815 adphcant
435 2731 567 2815 navigia
589 2731 743 2814 crepidini
765 2735 887 2815 portuS,
909 2732 1045 2796 obicitur
1069 2755 1087 2795 a

82 2820 614 2971 lellusalttllfflalsit}
631 2820 786 2972 llttt
801 2820 1086 2992 blitilde?

81 2994 178 3059 nibus
201 2998 333 3058 catenae
355 2995 490 3058 iniectae
515 3000 598 3078 sunt,
623 2995 821 3079 Amphotero
846 2996 958 3059 deinde
982 2994 1097 3080 Hege-'

80 3082 238 3166 lochoque
264 3083 443 3147 traduntur.
487 3082 573 3148 Hinc
595 3083 786 3148 Macedones
811 3085 966 3146 transiere
988 3083 1086 3165 Mity-
1106 3105 1138 3152 az

80 3173 188 3255 lenen,
221 3192 316 3255 quam
340 3169 459 3236 Chares
481 3171 688 3235 Atheniensis
717 3193 820 3254 nuper
847 3175 1034 3252 occupatam
1062 3189 1086 3234 Π

81 3259 205 3323 milium
234 3259 404 3323 Persarum
435 3259 593 3342 praesidio
625 3259 772 3323 tenebat:
810 3261 865 3322 sed
897 3281 968 3322 oum
1003 3260 1086 3322 obsi-

82 3346 211 3411 dionem
236 3349 374 3412 tolerare
404 3370 469 3412 non
497 3353 619 3430 posset,
650 3348 728 3411 urbe
756 3349 875 3411 tradita
897 3351 1023 3429 pactus,
1050 3351 1087 3410 ut
1169 3378 1172 3382 ·

80 3434 233 3498 ineolumi
260 3436 347 3500 abire
373 3437 500 3519 liceret,
530 3434 672 3500 Imbrum
700 3437 789 3518 petit.
833 3433 960 3498 Deditis
982 3434 1086 3498 Mace·

81 3521 180 3586 dones
202 3528 420 3605 pepercerunt.
