<?xml version="1.0" encoding="UTF-8"?>
<!DOCTYPE html PUBLIC "-//W3C//DTD XHTML 1.0 Transitional//EN"
    "http://www.w3.org/TR/xhtml1/DTD/xhtml1-transitional.dtd">
<html xmlns="http://www.w3.org/1999/xhtml" xml:lang="en" lang="en">
 <head>
  <title>
</title>
<meta http-equiv="Content-Type" content="text/html;charset=utf-8" />
  <meta name='ocr-system' content='tesseract 3.04.00' />
  <meta name='ocr-capabilities' content='ocr_page ocr_carea ocr_par ocr_line ocrx_word'/>
</head>
<body>
  <div class='ocr_page' id='page_1' title='image "./historiarumalex01rufugoog_0103.png"; bbox 0 0 2444 3908; ppageno 0'>
   <div class='ocr_carea' id='block_1_1' title="bbox 123 141 756 206">
    <p class='ocr_par' dir='ltr' id='par_1_1' title="bbox 123 141 756 206">
     <span class='ocr_line' id='line_1_1' title="bbox 123 141 756 206; baseline 0 -11"><span class='ocrx_word' id='word_1_1' title='bbox 123 141 165 204; x_wconf 77' lang='lat'>70</span> <span class='ocrx_word' id='word_1_2' title='bbox 492 143 523 206; x_wconf 82' lang='lat' dir='ltr'>Q.</span> <span class='ocrx_word' id='word_1_3' title='bbox 543 141 653 196; x_wconf 81' lang='lat' dir='ltr'>CURTI</span> <span class='ocrx_word' id='word_1_4' title='bbox 670 141 756 195; x_wconf 83' lang='lat' dir='ltr'><strong>RUFI</strong></span> 
     </span>
    </p>
   </div>
   <div class='ocr_carea' id='block_1_2' title="bbox 69 285 1181 3612">
    <p class='ocr_par' dir='ltr' id='par_1_2' title="bbox 69 285 1181 3612">
     <span class='ocr_line' id='line_1_2' title="bbox 120 285 1169 369; baseline -0.001 -21"><span class='ocrx_word' id='word_1_5' title='bbox 120 286 242 368; x_wconf 88' lang='lat' dir='ltr'>ipsum,</span> <span class='ocrx_word' id='word_1_6' title='bbox 274 285 359 368; x_wconf 90' lang='lat' dir='ltr'>quod</span> <span class='ocrx_word' id='word_1_7' title='bbox 380 285 483 368; x_wconf 83' lang='lat' dir='ltr'>ignoti</span> <span class='ocrx_word' id='word_1_8' title='bbox 506 288 625 367; x_wconf 78' lang='lat' dir='ltr'>essent,</span> <span class='ocrx_word' id='word_1_9' title='bbox 652 285 810 369; x_wconf 81' lang='lat' dir='ltr'>ignobiles</span> <span class='ocrx_word' id='word_1_10' title='bbox 833 306 918 349; x_wconf 90' lang='lat' dir='ltr'>esse:</span> <span class='ocrx_word' id='word_1_11' title='bbox 949 286 1129 368; x_wconf 81' lang='lat' dir='ltr'>numquam</span> <span class='ocrx_word' id='word_1_12' title='bbox 1161 286 1169 301; x_wconf 94' lang='lat'>&#39;</span> 
     </span>
     <span class='ocr_line' id='line_1_3' title="bbox 120 373 1129 457; baseline 0.001 -21"><span class='ocrx_word' id='word_1_13' title='bbox 120 373 264 457; x_wconf 84' lang='lat' dir='ltr'>ignorari</span> <span class='ocrx_word' id='word_1_14' title='bbox 285 373 371 436; x_wconf 87' lang='lat' dir='ltr'>viros</span> <span class='ocrx_word' id='word_1_15' title='bbox 393 375 501 456; x_wconf 85' lang='lat' dir='ltr'>fortes,</span> <span class='ocrx_word' id='word_1_16' title='bbox 524 376 558 437; x_wconf 90' lang='lat' dir='ltr'>at</span> <span class='ocrx_word' id='word_1_17' title='bbox 575 373 709 437; x_wconf 87' lang='lat' dir='ltr'>inbelles</span> <span class='ocrx_word' id='word_1_18' title='bbox 729 394 767 436; x_wconf 82' lang='lat' dir='ltr'>cx</span> <span class='ocrx_word' id='word_1_19' title='bbox 783 373 914 437; x_wconf 90' lang='lat' dir='ltr'>latebris</span> <span class='ocrx_word' id='word_1_20' title='bbox 933 373 999 436; x_wconf 91' lang='lat' dir='ltr'>suis</span> <span class='ocrx_word' id='word_1_21' title='bbox 1018 375 1129 437; x_wconf 89' lang='lat' dir='ltr'>erutos</span> 
     </span>
     <span class='ocr_line' id='line_1_4' title="bbox 121 457 1129 544; baseline 0 -20"><span class='ocrx_word' id='word_1_22' title='bbox 121 460 204 524; x_wconf 89' lang='lat' dir='ltr'>nihil</span> <span class='ocrx_word' id='word_1_23' title='bbox 231 464 357 544; x_wconf 85' lang='lat' dir='ltr'>praeter</span> <span class='ocrx_word' id='word_1_24' title='bbox 383 461 516 525; x_wconf 91' lang='lat' dir='ltr'>nomina</span> <span class='ocrx_word' id='word_1_25' title='bbox 542 461 675 525; x_wconf 86' lang='lat' dir='ltr'>adferre.</span> <span class='ocrx_word' id='word_1_26' title='bbox 719 457 910 524; x_wconf 88' lang='lat' dir='ltr'>Macedonas</span> <span class='ocrx_word' id='word_1_27' title='bbox 932 461 1049 524; x_wconf 79' lang='lat' dir='ltr'>virtute</span> <span class='ocrx_word' id='word_1_28' title='bbox 1072 461 1129 524; x_wconf 88' lang='lat' dir='ltr'>ad·</span> 
     </span>
     <span class='ocr_line' id='line_1_5' title="bbox 122 547 1129 633; baseline 0.002 -22"><span class='ocrx_word' id='word_1_29' title='bbox 122 551 261 632; x_wconf 88' lang='lat' dir='ltr'>secutos,</span> <span class='ocrx_word' id='word_1_30' title='bbox 283 570 323 612; x_wconf 90' lang='lat' dir='ltr'>ne</span> <span class='ocrx_word' id='word_1_31' title='bbox 347 549 418 633; x_wconf 89' lang='lat' dir='ltr'>quis</span> <span class='ocrx_word' id='word_1_32' title='bbox 440 552 510 613; x_wconf 90' lang='lat' dir='ltr'>toto</span> <span class='ocrx_word' id='word_1_33' title='bbox 534 549 610 613; x_wconf 90' lang='lat' dir='ltr'>orbe</span> <span class='ocrx_word' id='word_1_34' title='bbox 633 549 723 612; x_wconf 90' lang='lat' dir='ltr'>loeus</span> <span class='ocrx_word' id='word_1_35' title='bbox 746 552 838 630; x_wconf 87' lang='lat' dir='ltr'>esset,</span> <span class='ocrx_word' id='word_1_36' title='bbox 860 549 915 631; x_wconf 92' lang='lat' dir='ltr'>qui</span> <span class='ocrx_word' id='word_1_37' title='bbox 936 549 1017 612; x_wconf 88' lang='lat' dir='ltr'>tales</span> <span class='ocrx_word' id='word_1_38' title='bbox 1040 547 1129 613; x_wconf 88' lang='lat' dir='ltr'>viros</span> 
     </span>
     <span class='ocr_line' id='line_1_6' title="bbox 87 635 1127 720; baseline -0.003 -16"><span class='ocrx_word' id='word_1_39' title='bbox 87 656 103 704; x_wconf 81' lang='lat'>5</span> <span class='ocrx_word' id='word_1_40' title='bbox 121 636 294 719; x_wconf 78' lang='lat' dir='ltr'><strong>ignoraret.</strong></span> <span class='ocrx_word' id='word_1_41' title='bbox 326 635 531 700; x_wconf 75' lang='lat' dir='ltr'>Intuerentur</span> <span class='ocrx_word' id='word_1_42' title='bbox 551 637 761 700; x_wconf 90' lang='lat' dir='ltr'>barbarorum</span> <span class='ocrx_word' id='word_1_43' title='bbox 778 636 978 699; x_wconf 90' lang='lat' dir='ltr'>inconditum</span> <span class='ocrx_word' id='word_1_44' title='bbox 996 657 1127 720; x_wconf 81' lang='lat' dir='ltr'>agmen:</span> 
     </span>
     <span class='ocr_line' id='line_1_7' title="bbox 122 723 1129 807; baseline 0.002 -21"><span class='ocrx_word' id='word_1_45' title='bbox 122 724 220 787; x_wconf 89' lang='lat' dir='ltr'>alium</span> <span class='ocrx_word' id='word_1_46' title='bbox 242 724 324 788; x_wconf 87' lang='lat' dir='ltr'>nihil</span> <span class='ocrx_word' id='word_1_47' title='bbox 345 727 472 807; x_wconf 88' lang='lat' dir='ltr'>praeter</span> <span class='ocrx_word' id='word_1_48' title='bbox 492 725 632 788; x_wconf 89' lang='lat' dir='ltr'>iaculum</span> <span class='ocrx_word' id='word_1_49' title='bbox 654 724 786 806; x_wconf 88' lang='lat' dir='ltr'>habere,</span> <span class='ocrx_word' id='word_1_50' title='bbox 808 723 905 786; x_wconf 91' lang='lat' dir='ltr'>alium</span> <span class='ocrx_word' id='word_1_51' title='bbox 927 723 1028 787; x_wconf 88' lang='lat' dir='ltr'>funda</span> <span class='ocrx_word' id='word_1_52' title='bbox 1050 745 1129 788; x_wconf 87' lang='lat' dir='ltr'>saxa</span> 
     </span>
     <span class='ocr_line' id='line_1_8' title="bbox 121 810 1128 897; baseline 0.003 -24"><span class='ocrx_word' id='word_1_53' title='bbox 121 811 251 897; x_wconf 89' lang='lat' dir='ltr'>librare,</span> <span class='ocrx_word' id='word_1_54' title='bbox 282 812 392 895; x_wconf 89' lang='lat' dir='ltr'>paucis</span> <span class='ocrx_word' id='word_1_55' title='bbox 418 813 503 876; x_wconf 85' lang='lat' dir='ltr'>iusta</span> <span class='ocrx_word' id='word_1_56' title='bbox 530 834 620 876; x_wconf 90' lang='lat' dir='ltr'>arma</span> <span class='ocrx_word' id='word_1_57' title='bbox 647 833 725 876; x_wconf 89' lang='lat' dir='ltr'>esse.</span> <span class='ocrx_word' id='word_1_58' title='bbox 769 810 882 894; x_wconf 88' lang='lat' dir='ltr'>Itaque</span> <span class='ocrx_word' id='word_1_59' title='bbox 908 811 997 874; x_wconf 93' lang='lat' dir='ltr'>illinc</span> <span class='ocrx_word' id='word_1_60' title='bbox 1018 812 1128 894; x_wconf 89' lang='lat' dir='ltr'>plures</span> 
     </span>
     <span class='ocr_line' id='line_1_9' title="bbox 87 897 1130 982; baseline 0.001 -20"><span class='ocrx_word' id='word_1_61' title='bbox 87 921 103 969; x_wconf 80' lang='lat' dir='ltr'>e</span> <span class='ocrx_word' id='word_1_62' title='bbox 122 902 220 963; x_wconf 88' lang='lat' dir='ltr'>stare:</span> <span class='ocrx_word' id='word_1_63' title='bbox 251 898 327 963; x_wconf 88' lang='lat' dir='ltr'>hinc</span> <span class='ocrx_word' id='word_1_64' title='bbox 352 900 459 982; x_wconf 88' lang='lat' dir='ltr'>plures</span> <span class='ocrx_word' id='word_1_65' title='bbox 482 899 695 964; x_wconf 89' lang='lat' dir='ltr'>dimicaturos.</span> <span class='ocrx_word' id='word_1_66' title='bbox 739 897 807 963; x_wconf 89' lang='lat' dir='ltr'>Nec</span> <span class='ocrx_word' id='word_1_67' title='bbox 829 899 991 982; x_wconf 86' lang='lat' dir='ltr'>postulare</span> <span class='ocrx_word' id='word_1_68' title='bbox 1014 920 1061 982; x_wconf 89' lang='lat' dir='ltr'>se,</span> <span class='ocrx_word' id='word_1_69' title='bbox 1090 904 1130 964; x_wconf 91' lang='lat' dir='ltr'>ut</span> 
     </span>
     <span class='ocr_line' id='line_1_10' title="bbox 120 985 1128 1071; baseline 0.002 -22"><span class='ocrx_word' id='word_1_70' title='bbox 120 985 248 1051; x_wconf 87' lang='lat' dir='ltr'>fortiter</span> <span class='ocrx_word' id='word_1_71' title='bbox 276 989 479 1069; x_wconf 74' lang='lat' dir='ltr'>capesserent</span> <span class='ocrx_word' id='word_1_72' title='bbox 504 988 673 1071; x_wconf 88' lang='lat' dir='ltr'>proelium,</span> <span class='ocrx_word' id='word_1_73' title='bbox 704 986 740 1049; x_wconf 94' lang='lat' dir='ltr'>ni</span> <span class='ocrx_word' id='word_1_74' title='bbox 766 988 834 1070; x_wconf 88' lang='lat' dir='ltr'>ipse</span> <span class='ocrx_word' id='word_1_75' title='bbox 861 987 972 1051; x_wconf 90' lang='lat' dir='ltr'>ceteris</span> <span class='ocrx_word' id='word_1_76' title='bbox 1001 986 1128 1051; x_wconf 89' lang='lat' dir='ltr'>fortitu-</span> 
     </span>
     <span class='ocr_line' id='line_1_11' title="bbox 121 1074 1128 1158; baseline 0.002 -20"><span class='ocrx_word' id='word_1_77' title='bbox 121 1075 205 1139; x_wconf 91' lang='lat' dir='ltr'>dinis</span> <span class='ocrx_word' id='word_1_78' title='bbox 232 1074 347 1138; x_wconf 87' lang='lat' dir='ltr'>fuisset</span> <span class='ocrx_word' id='word_1_79' title='bbox 374 1075 565 1157; x_wconf 84' lang='lat' dir='ltr'>exemplum:</span> <span class='ocrx_word' id='word_1_80' title='bbox 599 1097 632 1139; x_wconf 90' lang='lat' dir='ltr'>se</span> <span class='ocrx_word' id='word_1_81' title='bbox 660 1078 734 1138; x_wconf 88' lang='lat' dir='ltr'>ante</span> <span class='ocrx_word' id='word_1_82' title='bbox 756 1075 860 1157; x_wconf 91' lang='lat' dir='ltr'>prima</span> <span class='ocrx_word' id='word_1_83' title='bbox 882 1075 976 1158; x_wconf 87' lang='lat' dir='ltr'>signa</span> <span class='ocrx_word' id='word_1_84' title='bbox 998 1074 1128 1140; x_wconf 89' lang='lat' dir='ltr'>dimica-</span> 
     </span>
     <span class='ocr_line' id='line_1_12' title="bbox 120 1158 1128 1245; baseline 0.004 -21"><span class='ocrx_word' id='word_1_85' title='bbox 120 1164 237 1225; x_wconf 88' lang='lat' dir='ltr'>turum.</span> <span class='ocrx_word' id='word_1_86' title='bbox 282 1158 443 1243; x_wconf 82' lang='lat' dir='ltr'>Spondere</span> <span class='ocrx_word' id='word_1_87' title='bbox 469 1183 528 1244; x_wconf 92' lang='lat' dir='ltr'>pro</span> <span class='ocrx_word' id='word_1_88' title='bbox 556 1183 590 1225; x_wconf 86' lang='lat' dir='ltr'>se</span> <span class='ocrx_word' id='word_1_89' title='bbox 616 1165 666 1226; x_wconf 88' lang='lat' dir='ltr'>tot</span> <span class='ocrx_word' id='word_1_90' title='bbox 692 1163 865 1245; x_wconf 80' lang='lat' dir='ltr'>cicatrices,</span> <span class='ocrx_word' id='word_1_91' title='bbox 894 1162 1029 1226; x_wconf 89' lang='lat' dir='ltr'>totidem</span> <span class='ocrx_word' id='word_1_92' title='bbox 1058 1185 1128 1228; x_wconf 88' lang='lat' dir='ltr'>cor-</span> 
     </span>
     <span class='ocr_line' id='line_1_13' title="bbox 120 1249 1127 1332; baseline 0.003 -21"><span class='ocrx_word' id='word_1_93' title='bbox 120 1249 208 1331; x_wconf 91' lang='lat' dir='ltr'>poris</span> <span class='ocrx_word' id='word_1_94' title='bbox 231 1249 356 1313; x_wconf 87' lang='lat' dir='ltr'>decora:</span> <span class='ocrx_word' id='word_1_95' title='bbox 381 1249 460 1313; x_wconf 89' lang='lat' dir='ltr'>scire</span> <span class='ocrx_word' id='word_1_96' title='bbox 482 1251 570 1331; x_wconf 89' lang='lat' dir='ltr'>ipsos</span> <span class='ocrx_word' id='word_1_97' title='bbox 593 1271 693 1313; x_wconf 88' lang='lat' dir='ltr'>unum</span> <span class='ocrx_word' id='word_1_98' title='bbox 714 1271 816 1332; x_wconf 90' lang='lat' dir='ltr'>paene</span> <span class='ocrx_word' id='word_1_99' title='bbox 835 1271 869 1313; x_wconf 90' lang='lat' dir='ltr'>se</span> <span class='ocrx_word' id='word_1_100' title='bbox 887 1251 1022 1332; x_wconf 82' lang='lat' dir='ltr'>praedae</span> <span class='ocrx_word' id='word_1_101' title='bbox 1042 1272 1127 1314; x_wconf 91' lang='lat' dir='ltr'>eom-</span> 
     </span>
     <span class='ocr_line' id='line_1_14' title="bbox 120 1336 1128 1421; baseline 0.004 -22"><span class='ocrx_word' id='word_1_102' title='bbox 120 1336 227 1399; x_wconf 93' lang='lat' dir='ltr'>munis</span> <span class='ocrx_word' id='word_1_103' title='bbox 251 1339 408 1401; x_wconf 80' lang='lat' dir='ltr'>exsortem</span> <span class='ocrx_word' id='word_1_104' title='bbox 430 1337 465 1400; x_wconf 96' lang='lat' dir='ltr'>in</span> <span class='ocrx_word' id='word_1_105' title='bbox 486 1337 551 1400; x_wconf 89' lang='lat' dir='ltr'>illis</span> <span class='ocrx_word' id='word_1_106' title='bbox 574 1336 713 1401; x_wconf 87' lang='lat' dir='ltr'>colendis</span> <span class='ocrx_word' id='word_1_107' title='bbox 736 1336 949 1420; x_wconf 82' lang='lat' dir='ltr'>ornandisque</span> <span class='ocrx_word' id='word_1_108' title='bbox 971 1360 1128 1421; x_wconf 89' lang='lat' dir='ltr'>usurpare</span> 
     </span>
     <span class='ocr_line' id='line_1_15' title="bbox 87 1422 1129 1506; baseline -0.001 -14"><span class='ocrx_word' id='word_1_109' title='bbox 87 1423 271 1492; x_wconf 75' lang='lat' dir='ltr'>uvictoriae</span> <span class='ocrx_word' id='word_1_110' title='bbox 298 1423 448 1506; x_wconf 91' lang='lat' dir='ltr'>praemia.</span> <span class='ocrx_word' id='word_1_111' title='bbox 492 1422 581 1487; x_wconf 89' lang='lat' dir='ltr'>Haec</span> <span class='ocrx_word' id='word_1_112' title='bbox 608 1445 641 1488; x_wconf 88' lang='lat' dir='ltr'>se</span> <span class='ocrx_word' id='word_1_113' title='bbox 667 1424 804 1488; x_wconf 88' lang='lat' dir='ltr'>fortibus</span> <span class='ocrx_word' id='word_1_114' title='bbox 832 1424 909 1488; x_wconf 86' lang='lat' dir='ltr'>viris</span> <span class='ocrx_word' id='word_1_115' title='bbox 936 1425 1046 1490; x_wconf 87' lang='lat' dir='ltr'>dicere.</span> <span class='ocrx_word' id='word_1_116' title='bbox 1093 1426 1129 1491; x_wconf 83' lang='lat' dir='ltr'>Si</span> 
     </span>
     <span class='ocr_line' id='line_1_16' title="bbox 125 1510 1128 1597; baseline 0.005 -24"><span class='ocrx_word' id='word_1_117' title='bbox 125 1510 180 1593; x_wconf 92' lang='lat' dir='ltr'>qui</span> <span class='ocrx_word' id='word_1_118' title='bbox 203 1510 371 1575; x_wconf 76' lang='lat' dir='ltr'>dissimiles</span> <span class='ocrx_word' id='word_1_119' title='bbox 395 1533 504 1575; x_wconf 90' lang='lat' dir='ltr'>eorum</span> <span class='ocrx_word' id='word_1_120' title='bbox 527 1516 642 1596; x_wconf 88' lang='lat' dir='ltr'>essent,</span> <span class='ocrx_word' id='word_1_121' title='bbox 664 1512 720 1575; x_wconf 91' lang='lat' dir='ltr'>illa</span> <span class='ocrx_word' id='word_1_122' title='bbox 742 1513 841 1575; x_wconf 83' lang='lat' dir='ltr'>fuisso</span> <span class='ocrx_word' id='word_1_123' title='bbox 862 1513 1033 1577; x_wconf 88' lang='lat' dir='ltr'>dicturum:</span> <span class='ocrx_word' id='word_1_124' title='bbox 1056 1536 1128 1597; x_wconf 88' lang='lat' dir='ltr'>per·</span> 
     </span>
     <span class='ocr_line' id='line_1_17' title="bbox 120 1598 1127 1683; baseline 0.005 -22"><span class='ocrx_word' id='word_1_125' title='bbox 120 1598 246 1661; x_wconf 84' lang='lat' dir='ltr'>venisse</span> <span class='ocrx_word' id='word_1_126' title='bbox 273 1619 323 1681; x_wconf 88' lang='lat' dir='ltr'>eo,</span> <span class='ocrx_word' id='word_1_127' title='bbox 355 1599 439 1662; x_wconf 89' lang='lat' dir='ltr'>unde</span> <span class='ocrx_word' id='word_1_128' title='bbox 466 1600 577 1683; x_wconf 85' lang='lat' dir='ltr'>fugere</span> <span class='ocrx_word' id='word_1_129' title='bbox 602 1621 669 1663; x_wconf 94' lang='lat' dir='ltr'>non</span> <span class='ocrx_word' id='word_1_130' title='bbox 695 1603 835 1682; x_wconf 86' lang='lat' dir='ltr'>possent.</span> <span class='ocrx_word' id='word_1_131' title='bbox 881 1600 943 1664; x_wconf 87' lang='lat' dir='ltr'>Tot</span> <span class='ocrx_word' id='word_1_132' title='bbox 968 1605 1127 1666; x_wconf 88' lang='lat' dir='ltr'>terrarum</span> 
     </span>
     <span class='ocr_line' id='line_1_18' title="bbox 121 1686 1126 1774; baseline 0.005 -26"><span class='ocrx_word' id='word_1_133' title='bbox 121 1686 226 1768; x_wconf 87' lang='lat' dir='ltr'>spatia</span> <span class='ocrx_word' id='word_1_134' title='bbox 248 1686 393 1770; x_wconf 86' lang='lat' dir='ltr'>emensis,</span> <span class='ocrx_word' id='word_1_135' title='bbox 415 1690 465 1751; x_wconf 92' lang='lat' dir='ltr'>tot</span> <span class='ocrx_word' id='word_1_136' title='bbox 488 1688 635 1752; x_wconf 89' lang='lat' dir='ltr'>amnibus</span> <span class='ocrx_word' id='word_1_137' title='bbox 658 1688 883 1772; x_wconf 87' lang='lat' dir='ltr'>montibusque</span> <span class='ocrx_word' id='word_1_138' title='bbox 906 1693 981 1771; x_wconf 89' lang='lat' dir='ltr'>post</span> <span class='ocrx_word' id='word_1_139' title='bbox 998 1693 1126 1774; x_wconf 82' lang='lat' dir='ltr'>tergum</span> 
     </span>
     <span class='ocr_line' id='line_1_19' title="bbox 122 1773 1126 1859; baseline 0.004 -22"><span class='ocrx_word' id='word_1_140' title='bbox 122 1773 253 1838; x_wconf 89' lang='lat' dir='ltr'>obiectis</span> <span class='ocrx_word' id='word_1_141' title='bbox 280 1774 342 1838; x_wconf 89' lang='lat' dir='ltr'>iter</span> <span class='ocrx_word' id='word_1_142' title='bbox 367 1775 402 1838; x_wconf 94' lang='lat' dir='ltr'>in</span> <span class='ocrx_word' id='word_1_143' title='bbox 426 1775 564 1858; x_wconf 90' lang='lat' dir='ltr'>patriam</span> <span class='ocrx_word' id='word_1_144' title='bbox 588 1778 620 1839; x_wconf 89' lang='lat' dir='ltr'>et</span> <span class='ocrx_word' id='word_1_145' title='bbox 641 1779 774 1859; x_wconf 86' lang='lat' dir='ltr'>penates</span> <span class='ocrx_word' id='word_1_146' title='bbox 796 1799 894 1840; x_wconf 92' lang='lat' dir='ltr'>manu</span> <span class='ocrx_word' id='word_1_147' title='bbox 917 1798 985 1841; x_wconf 90' lang='lat' dir='ltr'>esse</span> <span class='ocrx_word' id='word_1_148' title='bbox 1007 1778 1126 1841; x_wconf 89' lang='lat' dir='ltr'>facien·</span> 
     </span>
     <span class='ocr_line' id='line_1_20' title="bbox 86 1859 1103 1947; baseline 0.007 -23"><span class='ocrx_word' id='word_1_149' title='bbox 86 1883 102 1931; x_wconf 83' lang='lat'>8</span> <span class='ocrx_word' id='word_1_150' title='bbox 122 1860 218 1926; x_wconf 67' lang='lat' dir='ltr'>dum?</span> <span class='ocrx_word' id='word_1_151' title='bbox 255 1859 307 1926; x_wconf 84' lang='lat' dir='ltr'>Sic</span> <span class='ocrx_word' id='word_1_152' title='bbox 330 1862 438 1946; x_wconf 89' lang='lat' dir='ltr'>duces,</span> <span class='ocrx_word' id='word_1_153' title='bbox 462 1864 508 1928; x_wconf 88' lang='lat' dir='ltr'>sio</span> <span class='ocrx_word' id='word_1_154' title='bbox 530 1864 668 1947; x_wconf 88' lang='lat' dir='ltr'>proximi</span> <span class='ocrx_word' id='word_1_155' title='bbox 690 1865 828 1928; x_wconf 89' lang='lat' dir='ltr'>militum</span> <span class='ocrx_word' id='word_1_156' title='bbox 851 1865 996 1929; x_wconf 84' lang='lat' dir='ltr'>instincti</span> <span class='ocrx_word' id='word_1_157' title='bbox 1019 1869 1103 1931; x_wconf 90' lang='lat' dir='ltr'>sunt.</span> 
     </span>
     <span class='ocr_line' id='line_1_21' title="bbox 209 1949 1181 2037; baseline 0.004 -23"><span class='ocrx_word' id='word_1_158' title='bbox 209 1949 333 2014; x_wconf 92' lang='lat' dir='ltr'>Dareus</span> <span class='ocrx_word' id='word_1_159' title='bbox 359 1951 394 2014; x_wconf 92' lang='lat' dir='ltr'>in</span> <span class='ocrx_word' id='word_1_160' title='bbox 420 1952 511 2015; x_wconf 86' lang='lat' dir='ltr'>laevo</span> <span class='ocrx_word' id='word_1_161' title='bbox 539 1973 638 2016; x_wconf 91' lang='lat' dir='ltr'>cornu</span> <span class='ocrx_word' id='word_1_162' title='bbox 665 1956 745 2035; x_wconf 90' lang='lat' dir='ltr'>erat,</span> <span class='ocrx_word' id='word_1_163' title='bbox 777 1973 895 2035; x_wconf 85' lang='lat' dir='ltr'>magno</span> <span class='ocrx_word' id='word_1_164' title='bbox 919 1973 1048 2015; x_wconf 90' lang='lat' dir='ltr'>suorum</span> <span class='ocrx_word' id='word_1_165' title='bbox 1072 1974 1126 2037; x_wconf 85' lang='lat' dir='ltr'>ag·</span> <span class='ocrx_word' id='word_1_166' title='bbox 1137 1953 1181 2018; x_wconf 81' lang='lat'>53</span> 
     </span>
     <span class='ocr_line' id='line_1_22' title="bbox 121 2037 1126 2122; baseline 0.002 -22"><span class='ocrx_word' id='word_1_167' title='bbox 121 2037 222 2121; x_wconf 88' lang='lat' dir='ltr'>mine,</span> <span class='ocrx_word' id='word_1_168' title='bbox 254 2037 383 2101; x_wconf 85' lang='lat' dir='ltr'>delectis</span> <span class='ocrx_word' id='word_1_169' title='bbox 411 2039 553 2120; x_wconf 90' lang='lat' dir='ltr'>equitum</span> <span class='ocrx_word' id='word_1_170' title='bbox 573 2040 785 2122; x_wconf 62' lang='lat' dir='ltr'>vpeditumque</span> <span class='ocrx_word' id='word_1_171' title='bbox 808 2039 958 2121; x_wconf 86' lang='lat' dir='ltr'>stipatus,</span> <span class='ocrx_word' id='word_1_172' title='bbox 985 2041 1126 2102; x_wconf 86' lang='lat' dir='ltr'>oontem-</span> 
     </span>
     <span class='ocr_line' id='line_1_23' title="bbox 119 2123 1125 2207; baseline 0 -19"><span class='ocrx_word' id='word_1_173' title='bbox 119 2128 290 2207; x_wconf 86' lang='lat' dir='ltr'>pseratque</span> <span class='ocrx_word' id='word_1_174' title='bbox 307 2125 501 2207; x_wconf 84' lang='lat' dir='ltr'>paucitatem</span> <span class='ocrx_word' id='word_1_175' title='bbox 517 2123 630 2207; x_wconf 91' lang='lat' dir='ltr'>hostis,</span> <span class='ocrx_word' id='word_1_176' title='bbox 648 2147 764 2188; x_wconf 89' lang='lat' dir='ltr'>vanam</span> <span class='ocrx_word' id='word_1_177' title='bbox 783 2124 883 2188; x_wconf 89' lang='lat' dir='ltr'>aciem</span> <span class='ocrx_word' id='word_1_178' title='bbox 900 2145 969 2187; x_wconf 87' lang='lat' dir='ltr'>esse</span> <span class='ocrx_word' id='word_1_179' title='bbox 987 2127 1125 2188; x_wconf 86' lang='lat' dir='ltr'>extentis</span> 
     </span>
     <span class='ocr_line' id='line_1_24' title="bbox 85 2209 1126 2292; baseline -0.004 -12"><span class='ocrx_word' id='word_1_180' title='bbox 85 2233 101 2280; x_wconf 84' lang='lat'>9</span> <span class='ocrx_word' id='word_1_181' title='bbox 121 2211 271 2275; x_wconf 87' lang='lat' dir='ltr'>cornibus</span> <span class='ocrx_word' id='word_1_182' title='bbox 292 2212 390 2274; x_wconf 89' lang='lat' dir='ltr'>ratus.</span> <span class='ocrx_word' id='word_1_183' title='bbox 428 2209 584 2291; x_wconf 79' lang='lat' dir='ltr'>Ceterum,</span> <span class='ocrx_word' id='word_1_184' title='bbox 607 2211 689 2274; x_wconf 89' lang='lat' dir='ltr'>sicut</span> <span class='ocrx_word' id='word_1_185' title='bbox 709 2233 802 2274; x_wconf 87' lang='lat' dir='ltr'>curru</span> <span class='ocrx_word' id='word_1_186' title='bbox 821 2210 990 2292; x_wconf 86' lang='lat' dir='ltr'>eminebat,</span> <span class='ocrx_word' id='word_1_187' title='bbox 1013 2210 1126 2276; x_wconf 85' lang='lat' dir='ltr'>dextra</span> 
     </span>
     <span class='ocr_line' id='line_1_25' title="bbox 119 2297 1125 2382; baseline 0.003 -21"><span class='ocrx_word' id='word_1_188' title='bbox 119 2299 271 2380; x_wconf 87' lang='lat' dir='ltr'>laevaque</span> <span class='ocrx_word' id='word_1_189' title='bbox 304 2297 344 2360; x_wconf 92' lang='lat' dir='ltr'>ad</span> <span class='ocrx_word' id='word_1_190' title='bbox 376 2297 616 2361; x_wconf 84' lang='lat' dir='ltr'>circumstantia</span> <span class='ocrx_word' id='word_1_191' title='bbox 646 2298 778 2382; x_wconf 86' lang='lat' dir='ltr'>agmina</span> <span class='ocrx_word' id='word_1_192' title='bbox 809 2298 918 2362; x_wconf 89' lang='lat' dir='ltr'>oculos</span> <span class='ocrx_word' id='word_1_193' title='bbox 947 2321 1125 2382; x_wconf 89' lang='lat' dir='ltr'>manusque</span> 
     </span>
     <span class='ocr_line' id='line_1_26' title="bbox 120 2384 1127 2470; baseline 0.003 -20"><span class='ocrx_word' id='word_1_194' title='bbox 120 2385 357 2468; x_wconf 83' lang='lat' dir='ltr'>circumferens,</span> <span class='ocrx_word' id='word_1_195' title='bbox 381 2384 588 2469; x_wconf 76' lang='lat' dir='ltr'>‘Terrarum&#39;,</span> <span class='ocrx_word' id='word_1_196' title='bbox 618 2386 737 2470; x_wconf 90' lang='lat' dir='ltr'>inquit,</span> <span class='ocrx_word' id='word_1_197' title='bbox 765 2384 860 2468; x_wconf 74' lang='lat' dir='ltr'>‘quas</span> <span class='ocrx_word' id='word_1_198' title='bbox 883 2387 1027 2451; x_wconf 87' lang='lat' dir='ltr'>Oceanus</span> <span class='ocrx_word' id='word_1_199' title='bbox 1049 2387 1127 2453; x_wconf 87' lang='lat' dir='ltr'>hino</span> 
     </span>
     <span class='ocr_line' id='line_1_27' title="bbox 120 2471 1125 2567; baseline 0.003 -30"><span class='ocrx_word' id='word_1_200' title='bbox 120 2474 233 2557; x_wconf 89' lang='lat' dir='ltr'>adluit,</span> <span class='ocrx_word' id='word_1_201' title='bbox 262 2473 351 2538; x_wconf 90' lang='lat' dir='ltr'>illinc</span> <span class='ocrx_word' id='word_1_202' title='bbox 373 2473 493 2538; x_wconf 89' lang='lat' dir='ltr'>claudit</span> <span class='ocrx_word' id='word_1_203' title='bbox 515 2471 758 2557; x_wconf 87' lang='lat' dir='ltr'>Hellespontus,</span> <span class='ocrx_word' id='word_1_204' title='bbox 786 2474 883 2555; x_wconf 91' lang='lat' dir='ltr'>paulo</span> <span class='ocrx_word' id='word_1_205' title='bbox 903 2479 977 2538; x_wconf 87' lang='lat' dir='ltr'>ante</span> <span class='ocrx_word' id='word_1_206' title='bbox 995 2477 1125 2567; x_wconf 93' lang='lat' dir='ltr'>domini,</span> 
     </span>
     <span class='ocr_line' id='line_1_28' title="bbox 72 2560 1126 2646; baseline 0.004 -22"><span class='ocrx_word' id='word_1_207' title='bbox 72 2560 75 2565; x_wconf 75' lang='grc'>’</span> <span class='ocrx_word' id='word_1_208' title='bbox 119 2562 184 2625; x_wconf 92' lang='lat' dir='ltr'>iam</span> <span class='ocrx_word' id='word_1_209' title='bbox 206 2583 274 2627; x_wconf 91' lang='lat' dir='ltr'>non</span> <span class='ocrx_word' id='word_1_210' title='bbox 296 2561 335 2626; x_wconf 92' lang='lat' dir='ltr'>de</span> <span class='ocrx_word' id='word_1_211' title='bbox 359 2563 469 2646; x_wconf 84' lang='lat' dir='ltr'>gloria,</span> <span class='ocrx_word' id='word_1_212' title='bbox 492 2561 548 2626; x_wconf 88' lang='lat' dir='ltr'>sed</span> <span class='ocrx_word' id='word_1_213' title='bbox 569 2562 608 2626; x_wconf 92' lang='lat' dir='ltr'>de</span> <span class='ocrx_word' id='word_1_214' title='bbox 632 2563 734 2626; x_wconf 90' lang='lat' dir='ltr'>salute</span> <span class='ocrx_word' id='word_1_215' title='bbox 755 2564 795 2643; x_wconf 89' lang='lat' dir='ltr'>et,</span> <span class='ocrx_word' id='word_1_216' title='bbox 818 2563 902 2646; x_wconf 92' lang='lat' dir='ltr'>quod</span> <span class='ocrx_word' id='word_1_217' title='bbox 922 2564 1019 2628; x_wconf 89' lang='lat' dir='ltr'>saluti</span> <span class='ocrx_word' id='word_1_218' title='bbox 1036 2586 1126 2646; x_wconf 89' lang='lat' dir='ltr'>prae-</span> 
     </span>
     <span class='ocr_line' id='line_1_29' title="bbox 70 2649 1125 2737; baseline -0.003 -19"><span class='ocrx_word' id='word_1_219' title='bbox 70 2670 102 2718; x_wconf 91' lang='lat'>10</span> <span class='ocrx_word' id='word_1_220' title='bbox 120 2649 254 2732; x_wconf 91' lang='lat' dir='ltr'>ponitis,</span> <span class='ocrx_word' id='word_1_221' title='bbox 276 2650 423 2713; x_wconf 87' lang='lat' dir='ltr'>libertato</span> <span class='ocrx_word' id='word_1_222' title='bbox 445 2651 654 2734; x_wconf 85' lang='lat' dir='ltr'>pugnandum</span> <span class='ocrx_word' id='word_1_223' title='bbox 676 2653 733 2714; x_wconf 89' lang='lat' dir='ltr'>est.</span> <span class='ocrx_word' id='word_1_224' title='bbox 772 2649 835 2713; x_wconf 92' lang='lat' dir='ltr'>Hic</span> <span class='ocrx_word' id='word_1_225' title='bbox 858 2651 924 2714; x_wconf 92' lang='lat' dir='ltr'>dies</span> <span class='ocrx_word' id='word_1_226' title='bbox 947 2652 1125 2737; x_wconf 87' lang='lat' dir='ltr'>imperium,</span> 
     </span>
     <span class='ocr_line' id='line_1_30' title="bbox 120 2737 1127 2822; baseline 0.005 -23"><span class='ocrx_word' id='word_1_227' title='bbox 120 2758 182 2819; x_wconf 88' lang='lat' dir='ltr'>quo</span> <span class='ocrx_word' id='word_1_228' title='bbox 216 2737 341 2799; x_wconf 90' lang='lat' dir='ltr'>nullum</span> <span class='ocrx_word' id='word_1_229' title='bbox 368 2737 504 2820; x_wconf 87' lang='lat' dir='ltr'>amplius</span> <span class='ocrx_word' id='word_1_230' title='bbox 538 2739 617 2802; x_wconf 85' lang='lat' dir='ltr'>vidit</span> <span class='ocrx_word' id='word_1_231' title='bbox 651 2742 751 2822; x_wconf 91' lang='lat' dir='ltr'>aetas,</span> <span class='ocrx_word' id='word_1_232' title='bbox 784 2741 840 2801; x_wconf 90' lang='lat' dir='ltr'>aut</span> <span class='ocrx_word' id='word_1_233' title='bbox 869 2741 1043 2804; x_wconf 86' lang='lat' dir='ltr'>constituet</span> <span class='ocrx_word' id='word_1_234' title='bbox 1070 2744 1127 2804; x_wconf 88' lang='lat' dir='ltr'>aut</span> 
     </span>
     <span class='ocr_line' id='line_1_31' title="bbox 119 2823 1125 2910; baseline 0.005 -24"><span class='ocrx_word' id='word_1_235' title='bbox 119 2823 217 2887; x_wconf 89' lang='lat' dir='ltr'>finiet.</span> <span class='ocrx_word' id='word_1_236' title='bbox 270 2823 366 2907; x_wconf 91' lang='lat' dir='ltr'>Apud</span> <span class='ocrx_word' id='word_1_237' title='bbox 403 2823 577 2888; x_wconf 86' lang='lat' dir='ltr'>Granicum</span> <span class='ocrx_word' id='word_1_238' title='bbox 608 2826 742 2889; x_wconf 89' lang='lat' dir='ltr'>minima</span> <span class='ocrx_word' id='word_1_239' title='bbox 775 2826 891 2890; x_wconf 79' lang='lat' dir='ltr'>virium</span> <span class='ocrx_word' id='word_1_240' title='bbox 929 2831 1019 2910; x_wconf 87' lang='lat' dir='ltr'>parte</span> <span class='ocrx_word' id='word_1_241' title='bbox 1051 2848 1125 2891; x_wconf 91' lang='lat' dir='ltr'>cum</span> 
     </span>
     <span class='ocr_line' id='line_1_32' title="bbox 118 2911 1125 2998; baseline 0.005 -24"><span class='ocrx_word' id='word_1_242' title='bbox 118 2911 211 2975; x_wconf 87' lang='lat' dir='ltr'>hoste</span> <span class='ocrx_word' id='word_1_243' title='bbox 239 2912 444 2976; x_wconf 79' lang='lat' dir='ltr'>certavimus:</span> <span class='ocrx_word' id='word_1_244' title='bbox 473 2912 508 2976; x_wconf 95' lang='lat' dir='ltr'>in</span> <span class='ocrx_word' id='word_1_245' title='bbox 535 2911 647 2976; x_wconf 79' lang='lat' dir='ltr'>Cilicia</span> <span class='ocrx_word' id='word_1_246' title='bbox 672 2913 773 2976; x_wconf 88' lang='lat' dir='ltr'>victos</span> <span class='ocrx_word' id='word_1_247' title='bbox 802 2911 893 2996; x_wconf 83' lang='lat' dir='ltr'>Syria</span> <span class='ocrx_word' id='word_1_248' title='bbox 919 2919 1046 2998; x_wconf 89' lang='lat' dir='ltr'>poterat</span> <span class='ocrx_word' id='word_1_249' title='bbox 1072 2937 1125 2978; x_wconf 83' lang='lat' dir='ltr'>ex·</span> 
     </span>
     <span class='ocr_line' id='line_1_33' title="bbox 120 2999 1125 3087; baseline 0.004 -25"><span class='ocrx_word' id='word_1_250' title='bbox 120 2999 242 3081; x_wconf 86' lang='lat' dir='ltr'>cipere:</span> <span class='ocrx_word' id='word_1_251' title='bbox 278 3020 397 3083; x_wconf 84' lang='lat' dir='ltr'>magna</span> <span class='ocrx_word' id='word_1_252' title='bbox 432 3000 632 3063; x_wconf 84' lang='lat' dir='ltr'>munimenta</span> <span class='ocrx_word' id='word_1_253' title='bbox 666 3001 759 3084; x_wconf 85' lang='lat' dir='ltr'>regni</span> <span class='ocrx_word' id='word_1_254' title='bbox 790 2999 897 3085; x_wconf 79' lang='lat' dir='ltr'>Tigris</span> <span class='ocrx_word' id='word_1_255' title='bbox 934 3007 1028 3087; x_wconf 88' lang='lat' dir='ltr'>atque</span> <span class='ocrx_word' id='word_1_256' title='bbox 1058 3002 1125 3066; x_wconf 83' lang='lat' dir='ltr'>Eu-</span> 
     </span>
     <span class='ocr_line' id='line_1_34' title="bbox 69 3086 1124 3172; baseline -0.002 -19"><span class='ocrx_word' id='word_1_257' title='bbox 69 3107 100 3154; x_wconf 89' lang='lat'>11</span> <span class='ocrx_word' id='word_1_258' title='bbox 119 3086 251 3169; x_wconf 82' lang='lat' dir='ltr'>phrates</span> <span class='ocrx_word' id='word_1_259' title='bbox 274 3090 373 3152; x_wconf 88' lang='lat' dir='ltr'>erant.</span> <span class='ocrx_word' id='word_1_260' title='bbox 417 3087 559 3151; x_wconf 88' lang='lat' dir='ltr'>Ventum</span> <span class='ocrx_word' id='word_1_261' title='bbox 581 3091 631 3151; x_wconf 87' lang='lat' dir='ltr'>est</span> <span class='ocrx_word' id='word_1_262' title='bbox 652 3109 704 3171; x_wconf 87' lang='lat' dir='ltr'>eo,</span> <span class='ocrx_word' id='word_1_263' title='bbox 734 3088 818 3151; x_wconf 90' lang='lat' dir='ltr'>unde</span> <span class='ocrx_word' id='word_1_264' title='bbox 841 3090 942 3172; x_wconf 89' lang='lat' dir='ltr'>pulsis</span> <span class='ocrx_word' id='word_1_265' title='bbox 965 3112 1006 3153; x_wconf 87' lang='lat' dir='ltr'>ne</span> <span class='ocrx_word' id='word_1_266' title='bbox 1028 3090 1124 3171; x_wconf 83' lang='lat' dir='ltr'>fugae</span> 
     </span>
     <span class='ocr_line' id='line_1_35' title="bbox 120 3175 1125 3258; baseline 0.002 -20"><span class='ocrx_word' id='word_1_267' title='bbox 120 3175 246 3258; x_wconf 89' lang='lat' dir='ltr'>quidem</span> <span class='ocrx_word' id='word_1_268' title='bbox 272 3175 361 3239; x_wconf 89' lang='lat' dir='ltr'>locus</span> <span class='ocrx_word' id='word_1_269' title='bbox 387 3177 444 3240; x_wconf 89' lang='lat' dir='ltr'>est.</span> <span class='ocrx_word' id='word_1_270' title='bbox 489 3175 605 3240; x_wconf 91' lang='lat' dir='ltr'>Omnia</span> <span class='ocrx_word' id='word_1_271' title='bbox 626 3178 693 3239; x_wconf 91' lang='lat' dir='ltr'>tam</span> <span class='ocrx_word' id='word_1_272' title='bbox 717 3175 839 3239; x_wconf 91' lang='lat' dir='ltr'>diutino</span> <span class='ocrx_word' id='word_1_273' title='bbox 862 3177 946 3241; x_wconf 87' lang='lat' dir='ltr'>bollo</span> <span class='ocrx_word' id='word_1_274' title='bbox 969 3177 1125 3240; x_wconf 85' lang='lat' dir='ltr'>exhausta</span> 
     </span>
     <span class='ocr_line' id='line_1_36' title="bbox 119 3264 1123 3347; baseline 0 -20"><span class='ocrx_word' id='word_1_275' title='bbox 119 3266 195 3345; x_wconf 87' lang='lat' dir='ltr'>post</span> <span class='ocrx_word' id='word_1_276' title='bbox 219 3266 347 3347; x_wconf 83' lang='lat' dir='ltr'>tergum</span> <span class='ocrx_word' id='word_1_277' title='bbox 375 3267 465 3327; x_wconf 87' lang='lat' dir='ltr'>sunt:</span> <span class='ocrx_word' id='word_1_278' title='bbox 497 3285 564 3328; x_wconf 93' lang='lat' dir='ltr'>non</span> <span class='ocrx_word' id='word_1_279' title='bbox 585 3264 707 3328; x_wconf 88' lang='lat' dir='ltr'>incolas</span> <span class='ocrx_word' id='word_1_280' title='bbox 731 3284 806 3326; x_wconf 88' lang='lat' dir='ltr'>suos</span> <span class='ocrx_word' id='word_1_281' title='bbox 829 3264 938 3346; x_wconf 87' lang='lat' dir='ltr'>nrbes,</span> <span class='ocrx_word' id='word_1_282' title='bbox 969 3284 1036 3326; x_wconf 93' lang='lat' dir='ltr'>non</span> <span class='ocrx_word' id='word_1_283' title='bbox 1058 3265 1123 3327; x_wconf 92' lang='lat' dir='ltr'>cul·</span> 
     </span>
     <span class='ocr_line' id='line_1_37' title="bbox 118 3349 1124 3436; baseline 0.002 -22"><span class='ocrx_word' id='word_1_284' title='bbox 118 3354 205 3416; x_wconf 87' lang='lat' dir='ltr'>tores</span> <span class='ocrx_word' id='word_1_285' title='bbox 235 3351 359 3415; x_wconf 87' lang='lat' dir='ltr'>habent</span> <span class='ocrx_word' id='word_1_286' title='bbox 388 3355 500 3416; x_wconf 90' lang='lat' dir='ltr'>terrae.</span> <span class='ocrx_word' id='word_1_287' title='bbox 551 3349 711 3436; x_wconf 82' lang='lat' dir='ltr'>Coniuges</span> <span class='ocrx_word' id='word_1_288' title='bbox 739 3371 864 3434; x_wconf 87' lang='lat' dir='ltr'>quoque</span> <span class='ocrx_word' id='word_1_289' title='bbox 896 3354 929 3414; x_wconf 87' lang='lat' dir='ltr'>et</span> <span class='ocrx_word' id='word_1_290' title='bbox 956 3351 1048 3415; x_wconf 92' lang='lat' dir='ltr'>liberi</span> <span class='ocrx_word' id='word_1_291' title='bbox 1076 3372 1124 3416; x_wconf 88' lang='lat' dir='ltr'>se·</span> 
     </span>
     <span class='ocr_line' id='line_1_38' title="bbox 120 3438 1123 3523; baseline 0.001 -20"><span class='ocrx_word' id='word_1_292' title='bbox 120 3442 260 3522; x_wconf 85' lang='lat' dir='ltr'>quuntur</span> <span class='ocrx_word' id='word_1_293' title='bbox 281 3439 365 3504; x_wconf 87' lang='lat' dir='ltr'>hano</span> <span class='ocrx_word' id='word_1_294' title='bbox 388 3440 502 3523; x_wconf 86' lang='lat' dir='ltr'>aciem,</span> <span class='ocrx_word' id='word_1_295' title='bbox 523 3442 635 3523; x_wconf 88' lang='lat' dir='ltr'>parata</span> <span class='ocrx_word' id='word_1_296' title='bbox 656 3439 803 3503; x_wconf 89' lang='lat' dir='ltr'>hostibus</span> <span class='ocrx_word' id='word_1_297' title='bbox 826 3438 956 3521; x_wconf 91' lang='lat' dir='ltr'>praeda,</span> <span class='ocrx_word' id='word_1_298' title='bbox 979 3439 1043 3503; x_wconf 90' lang='lat' dir='ltr'>nisi</span> <span class='ocrx_word' id='word_1_299' title='bbox 1064 3462 1123 3522; x_wconf 92' lang='lat' dir='ltr'>pro</span> 
     </span>
     <span class='ocr_line' id='line_1_39' title="bbox 69 3525 1124 3612; baseline -0.001 -19"><span class='ocrx_word' id='word_1_300' title='bbox 69 3546 100 3593; x_wconf 80' lang='lat'>12</span> <span class='ocrx_word' id='word_1_301' title='bbox 120 3527 292 3592; x_wconf 87' lang='lat' dir='ltr'>carissimis</span> <span class='ocrx_word' id='word_1_302' title='bbox 314 3528 502 3612; x_wconf 86' lang='lat' dir='ltr'>pignoribus</span> <span class='ocrx_word' id='word_1_303' title='bbox 525 3548 660 3611; x_wconf 90' lang='lat' dir='ltr'>corpora</span> <span class='ocrx_word' id='word_1_304' title='bbox 682 3525 882 3610; x_wconf 85' lang='lat' dir='ltr'>opponimus.</span> <span class='ocrx_word' id='word_1_305' title='bbox 924 3526 1016 3603; x_wconf 87' lang='lat' dir='ltr'>Quod</span> <span class='ocrx_word' id='word_1_306' title='bbox 1039 3549 1124 3592; x_wconf 86' lang='lat' dir='ltr'>mea·</span> 
     </span>
    </p>
   </div>
   <div class='ocr_carea' id='block_1_3' title="bbox 0 0 1226 3908">
    <p class='ocr_par' dir='ltr' id='par_1_3' title="bbox 0 0 1226 3908">
     <span class='ocr_line' id='line_1_40' title="bbox 0 0 1226 3908; baseline 0 0"><span class='ocrx_word' id='word_1_307' title='bbox 0 0 1226 3908; x_wconf 95' lang='lat' dir='ltr'> </span> 
     </span>
    </p>
   </div>
  </div>
 </body>
</html>
