2444 3908
126 157 188 216 112
217 156 249 218 Q.
260 151 370 209 CURTI
382 151 468 206 RUFI
481 150 734 206 HISTORIARUM
747 149 961 214 ALEXANDRI
971 149 1005 216 V,
1022 154 1064 205 1³.

123 296 293 378 Polystrati
315 316 413 359 mann
434 297 574 359 animam
587 295 711 376 efflavit.
743 294 919 358 Almanoler
935 314 979 358 an
995 293 1138 374 spiranti

122 385 222 448 orllom
243 385 453 464 supervenerit,
475 385 623 447 ineertnm
645 387 704 446 est:
726 382 806 446 illnol
826 386 943 446 oonstat
963 382 1138 445 miserabili

122 473 203 553 repis
229 472 451 552 opulentissimi
472 473 555 536 enitn
577 475 713 553 conperto
737 471 873 552 oopiosas
895 469 1039 533 lacrimas
1056 489 1137 550 pro·

121 559 239 640 fnolisse
260 560 422 640 statimque
444 559 598 641 oblompde
619 559 678 622 sobi
699 560 835 622 detracta
856 577 963 638 eorpns
980 557 1137 637 apernisse

122 651 153 710 et
176 666 287 727 mapno
313 667 383 710 enm
408 647 519 710 bonore
545 648 588 710 ool
608 665 678 710 snos
699 645 812 725 deferri
832 645 966 726 iussisse,
992 647 1029 706 nt
1049 645 1136 725 repio

123 733 292 798 Persarnm
310 755 392 798 more
409 739 549 797 enratnm
566 734 768 797 monnmentis
785 733 940 796 maiornm
956 730 1135 810 inferratam

124 821 383 903 Inpratitmlinem
409 821 579 903 laminam,
606 841 627 882 a
652 821 722 900 qais
741 840 801 901 pro
827 820 955 884 sitmmis
981 819 1137 900 benefieiis

123 910 242 973 ornolele
259 911 386 973 enitlnm
399 908 523 972 Dormis
535 907 672 991 perimit,
689 928 876 990 quemqnam
892 911 995 988 snopte
1009 908 1135 989 inpenio

123 995 308 1060 borrenolam
330 1002 359 1060 et
379 995 585 1074 execrabilem,
607 996 773 1078 insipniore
795 996 838 1060 ool
852 996 1061 1076 posteritatem
1082 996 1134 1058 in·

122 1084 226 1164 famia
247 1084 408 1148 damnarit
428 1083 515 1146 oanis
536 1084 696 1148 eninsdam
717 1084 800 1147 mira
821 1084 907 1165 fidos,
931 1084 985 1163 qni
1006 1081 1046 1145 ab
1068 1102 1133 1146 orn·

125 1172 216 1235 nibns
244 1170 455 1250 familiaribus
485 1170 622 1234 dereli'oto
654 1170 736 1235 solas
765 1170 869 1250 olfait
898 1176 937 1253 et,
970 1190 1066 1251 qnam
1097 1172 1134 1235 in

126 1259 227 1322 monm
244 1278 324 1337 prae
344 1278 375 1321 se
398 1258 469 1321 tnlit
489 1257 733 1340 benevolentiam,
761 1259 903 1321 morienti
924 1278 1040 1338 peropto
1062 1277 1133 1322 oon-

124 1349 241 1409 stonter
252 1346 415 1425 praest'tit.
446 1345 542 1409 Hnne
559 1346 639 1409 ottae
655 1346 747 1425 finem
764 1346 888 1409 sortitas
906 1351 949 1409 est
965 1347 1025 1422 ille,
1043 1365 1135 1426 qnem

125 1433 213 1496 modo
244 1433 424 1496 oontnmelia
452 1433 544 1514 adlici
564 1432 729 1514 pntabant,
760 1433 824 1497 nisi
849 1453 947 1515 repom
973 1453 1079 1515 repam
1107 1439 1137 1497 et

125 1521 250 1584 deornm
272 1520 528 1601 oonsanpninenm
550 1520 735 1584 salntorent:
760 1541 926 1602 mapnoqne
947 1522 1060 1584 iternm
1081 1541 1134 1584 ea-

120 1607 290 1689 perimento
321 1608 521 1688 adprobatam
549 1613 608 1671 est:
639 1608 788 1671 neminem
815 1609 914 1689 mapis
935 1613 1042 1689 patere
1066 1607 1135 1688 for-

127 1699 231 1777 tnnae,
266 1716 360 1777 qnam
390 1697 444 1776 qni
469 1695 613 1776 plnribns
643 1695 774 1758 einsdem
805 1696 961 1761 blanditiis
991 1697 1137 1762 inretitus

127 1782 233 1869 inanm
255 1785 340 1850 illins
363 1789 425 1850 tota
447 1784 556 1848 oeroiee
577 1784 726 1868 receperit
