<?xml version="1.0" encoding="UTF-8"?>
<!DOCTYPE html PUBLIC "-//W3C//DTD XHTML 1.0 Transitional//EN"
    "http://www.w3.org/TR/xhtml1/DTD/xhtml1-transitional.dtd">
<html xmlns="http://www.w3.org/1999/xhtml" xml:lang="en" lang="en">
 <head>
  <title>
</title>
<meta http-equiv="Content-Type" content="text/html;charset=utf-8" />
  <meta name='ocr-system' content='tesseract 3.04.00' />
  <meta name='ocr-capabilities' content='ocr_page ocr_carea ocr_par ocr_line ocrx_word'/>
</head>
<body>
  <div class='ocr_page' id='page_1' title='image "./historiarumalex01rufugoog_0221.png"; bbox 0 0 2444 3908; ppageno 0'>
   <div class='ocr_carea' id='block_1_1' title="bbox 369 739 872 842">
    <p class='ocr_par' dir='ltr' id='par_1_1' title="bbox 369 739 872 842">
     <span class='ocr_line' id='line_1_1' title="bbox 369 739 872 842; baseline 0 -18"><span class='ocrx_word' id='word_1_1' title='bbox 369 834 372 839; x_wconf 48' lang='grc'>,</span> <span class='ocrx_word' id='word_1_2' title='bbox 420 741 468 842; x_wconf 83' lang='lat' dir='ltr'>Q.</span> <span class='ocrx_word' id='word_1_3' title='bbox 494 740 687 824; x_wconf 77' lang='lat' dir='ltr'>OURTI</span> <span class='ocrx_word' id='word_1_4' title='bbox 719 739 872 824; x_wconf 80' lang='lat' dir='ltr'>RUFI</span> 
     </span>
    </p>
   </div>
   <div class='ocr_carea' id='block_1_2' title="bbox 518 892 772 950">
    <p class='ocr_par' dir='ltr' id='par_1_2' title="bbox 518 892 772 950">
     <span class='ocr_line' id='line_1_2' title="bbox 518 892 772 950; baseline -0.004 -2"><span class='ocrx_word' id='word_1_5' title='bbox 518 892 772 950; x_wconf 84' lang='lat' dir='ltr'><strong>HISTORIARUM</strong></span> 
     </span>
    </p>
   </div>
   <div class='ocr_carea' id='block_1_3' title="bbox 282 1053 1009 1154">
    <p class='ocr_par' dir='ltr' id='par_1_3' title="bbox 282 1053 1009 1154">
     <span class='ocr_line' id='line_1_3' title="bbox 282 1053 1009 1154; baseline -0.003 0"><span class='ocrx_word' id='word_1_6' title='bbox 282 1053 722 1154; x_wconf 76' lang='lat' dir='ltr'>AL&#39;EXANDRI</span> <span class='ocrx_word' id='word_1_7' title='bbox 762 1055 1009 1154; x_wconf 79' lang='lat' dir='ltr'><strong>MAGNI</strong></span> 
     </span>
    </p>
   </div>
   <div class='ocr_carea' id='block_1_4' title="bbox 497 1245 788 1458">
    <p class='ocr_par' dir='ltr' id='par_1_4' title="bbox 497 1245 788 1458">
     <span class='ocr_line' id='line_1_4' title="bbox 497 1245 788 1312; baseline -0.003 0"><span class='ocrx_word' id='word_1_8' title='bbox 497 1245 788 1312; x_wconf 76' lang='lat' dir='ltr'>MACEDONIS</span> 
     </span>
     <span class='ocr_line' id='line_1_5' title="bbox 539 1402 738 1458; baseline 0.01 -4"><span class='ocrx_word' id='word_1_9' title='bbox 539 1402 648 1458; x_wconf 73' lang='lat' dir='ltr'>LIBER</span> <span class='ocrx_word' id='word_1_10' title='bbox 666 1403 738 1457; x_wconf 89' lang='lat' dir='ltr'>VIII.</span> 
     </span>
    </p>
   </div>
   <div class='ocr_carea' id='block_1_5' title="bbox 580 1545 705 1610">
    <p class='ocr_par' dir='ltr' id='par_1_5' title="bbox 580 1545 705 1610">
     <span class='ocr_line' id='line_1_6' title="bbox 580 1545 705 1610; baseline 0 0"><span class='ocrx_word' id='word_1_11' title='bbox 580 1545 657 1610; x_wconf 74' lang='lat' dir='ltr'>Car.</span> <span class='ocrx_word' id='word_1_12' title='bbox 680 1545 705 1610; x_wconf 91' lang='lat'>1.</span> 
     </span>
    </p>
   </div>
   <div class='ocr_carea' id='block_1_6' title="bbox 101 1669 1172 3513">
    <p class='ocr_par' dir='ltr' id='par_1_6' title="bbox 106 1669 1172 2020">
     <span class='ocr_line' id='line_1_7' title="bbox 106 1669 1172 1752; baseline 0.002 -16"><span class='ocrx_word' id='word_1_13' title='bbox 106 1690 118 1736; x_wconf 86' lang='lat' dir='ltr'>r</span> <span class='ocrx_word' id='word_1_14' title='bbox 227 1669 412 1735; x_wconf 84' lang='lat' dir='ltr'><strong>Alexander</strong></span> <span class='ocrx_word' id='word_1_15' title='bbox 435 1669 558 1733; x_wconf 90' lang='lat' dir='ltr'>maiore</span> <span class='ocrx_word' id='word_1_16' title='bbox 580 1669 669 1733; x_wconf 86' lang='lat' dir='ltr'>fama</span> <span class='ocrx_word' id='word_1_17' title='bbox 693 1691 789 1752; x_wconf 90' lang='lat' dir='ltr'>quam</span> <span class='ocrx_word' id='word_1_18' title='bbox 812 1669 918 1752; x_wconf 89' lang='lat' dir='ltr'>gloria</span> <span class='ocrx_word' id='word_1_19' title='bbox 937 1670 970 1735; x_wconf 91' lang='lat' dir='ltr'>in</span> <span class='ocrx_word' id='word_1_20' title='bbox 988 1669 1172 1738; x_wconf 89' lang='lat' dir='ltr'>dicioneml</span> 
     </span>
     <span class='ocr_line' id='line_1_8' title="bbox 139 1757 1145 1844; baseline -0.001 -20"><span class='ocrx_word' id='word_1_21' title='bbox 139 1761 267 1825; x_wconf 85' lang='lat' dir='ltr'>redacta</span> <span class='ocrx_word' id='word_1_22' title='bbox 289 1762 394 1842; x_wconf 91' lang='lat' dir='ltr'>petra,</span> <span class='ocrx_word' id='word_1_23' title='bbox 417 1778 489 1821; x_wconf 87' lang='lat' dir='ltr'>cum</span> <span class='ocrx_word' id='word_1_24' title='bbox 509 1759 641 1840; x_wconf 91' lang='lat' dir='ltr'>propter</span> <span class='ocrx_word' id='word_1_25' title='bbox 660 1777 777 1841; x_wconf 87' lang='lat' dir='ltr'>vagum</span> <span class='ocrx_word' id='word_1_26' title='bbox 796 1757 923 1822; x_wconf 90' lang='lat' dir='ltr'>hostem</span> <span class='ocrx_word' id='word_1_27' title='bbox 947 1759 1145 1844; x_wconf 80' lang='lat' dir='ltr'>spargendae</span> 
     </span>
     <span class='ocr_line' id='line_1_9' title="bbox 138 1845 1144 1929; baseline -0.001 -17"><span class='ocrx_word' id='word_1_28' title='bbox 138 1870 254 1912; x_wconf 90' lang='lat' dir='ltr'>manus</span> <span class='ocrx_word' id='word_1_29' title='bbox 282 1850 402 1927; x_wconf 89' lang='lat' dir='ltr'>essent,</span> <span class='ocrx_word' id='word_1_30' title='bbox 429 1845 464 1908; x_wconf 90' lang='lat' dir='ltr'>in</span> <span class='ocrx_word' id='word_1_31' title='bbox 491 1848 556 1908; x_wconf 93' lang='lat' dir='ltr'>tres</span> <span class='ocrx_word' id='word_1_32' title='bbox 583 1850 693 1929; x_wconf 91' lang='lat' dir='ltr'>partes</span> <span class='ocrx_word' id='word_1_33' title='bbox 721 1845 830 1910; x_wconf 89' lang='lat' dir='ltr'>divisit</span> <span class='ocrx_word' id='word_1_34' title='bbox 853 1847 1035 1911; x_wconf 85' lang='lat' dir='ltr'>exercitum.</span> <span class='ocrx_word' id='word_1_35' title='bbox 1080 1846 1144 1911; x_wconf 91' lang='lat' dir='ltr'>He-</span> 
     </span>
     <span class='ocr_line' id='line_1_10' title="bbox 138 1930 1145 2020; baseline -0.001 -20"><span class='ocrx_word' id='word_1_36' title='bbox 138 1935 363 2020; x_wconf 88' lang='lat' dir='ltr'>phaestionem</span> <span class='ocrx_word' id='word_1_37' title='bbox 390 1933 460 2016; x_wconf 93' lang='lat' dir='ltr'>uni,</span> <span class='ocrx_word' id='word_1_38' title='bbox 494 1930 625 1997; x_wconf 82' lang='lat' dir='ltr'>Coenon</span> <span class='ocrx_word' id='word_1_39' title='bbox 653 1933 747 1997; x_wconf 89' lang='lat' dir='ltr'>alteri</span> <span class='ocrx_word' id='word_1_40' title='bbox 776 1933 870 1998; x_wconf 89' lang='lat' dir='ltr'>duces</span> <span class='ocrx_word' id='word_1_41' title='bbox 899 1935 1043 1999; x_wconf 80' lang='lat' dir='ltr'>dederat:</span> <span class='ocrx_word' id='word_1_42' title='bbox 1076 1935 1145 2018; x_wconf 88' lang='lat' dir='ltr'>ipse</span> 
     </span>
    </p>

    <p class='ocr_par' dir='ltr' id='par_1_7' title="bbox 103 2017 1146 2369">
     <span class='ocr_line' id='line_1_11' title="bbox 103 2017 1144 2105; baseline -0.002 -16"><span class='ocrx_word' id='word_1_43' title='bbox 103 2041 119 2089; x_wconf 79' lang='lat'>2</span> <span class='ocrx_word' id='word_1_44' title='bbox 139 2024 252 2088; x_wconf 87' lang='lat' dir='ltr'>ceteris</span> <span class='ocrx_word' id='word_1_45' title='bbox 280 2024 437 2105; x_wconf 74' lang='lat' dir='ltr'>praeerat.</span> <span class='ocrx_word' id='word_1_46' title='bbox 482 2017 543 2083; x_wconf 84' lang='lat' dir='ltr'>Sed</span> <span class='ocrx_word' id='word_1_47' title='bbox 566 2042 632 2084; x_wconf 91' lang='lat' dir='ltr'>non</span> <span class='ocrx_word' id='word_1_48' title='bbox 654 2021 765 2085; x_wconf 90' lang='lat' dir='ltr'>cadem</span> <span class='ocrx_word' id='word_1_49' title='bbox 787 2042 877 2086; x_wconf 90' lang='lat' dir='ltr'>mens</span> <span class='ocrx_word' id='word_1_50' title='bbox 901 2023 1049 2086; x_wconf 91' lang='lat' dir='ltr'>omnibus</span> <span class='ocrx_word' id='word_1_51' title='bbox 1072 2023 1144 2087; x_wconf 90' lang='lat' dir='ltr'>bar·</span> 
     </span>
     <span class='ocr_line' id='line_1_12' title="bbox 137 2108 1145 2191; baseline 0 -16"><span class='ocrx_word' id='word_1_52' title='bbox 137 2112 224 2175; x_wconf 88' lang='lat' dir='ltr'>baris</span> <span class='ocrx_word' id='word_1_53' title='bbox 252 2110 323 2174; x_wconf 87' lang='lat' dir='ltr'>fuit.</span> <span class='ocrx_word' id='word_1_54' title='bbox 374 2108 483 2171; x_wconf 81' lang='lat' dir='ltr'>Armis</span> <span class='ocrx_word' id='word_1_55' title='bbox 512 2108 642 2190; x_wconf 89' lang='lat' dir='ltr'>quidam</span> <span class='ocrx_word' id='word_1_56' title='bbox 670 2109 808 2191; x_wconf 80' lang='lat' dir='ltr'>subacti,</span> <span class='ocrx_word' id='word_1_57' title='bbox 840 2108 948 2191; x_wconf 90' lang='lat' dir='ltr'>plures</span> <span class='ocrx_word' id='word_1_58' title='bbox 978 2114 1053 2174; x_wconf 89' lang='lat' dir='ltr'>ante</span> <span class='ocrx_word' id='word_1_59' title='bbox 1081 2132 1145 2175; x_wconf 89' lang='lat' dir='ltr'>cer-</span> 
     </span>
     <span class='ocr_line' id='line_1_13' title="bbox 137 2195 1146 2282; baseline 0 -19"><span class='ocrx_word' id='word_1_60' title='bbox 137 2203 248 2263; x_wconf 88' lang='lat' dir='ltr'>tamen</span> <span class='ocrx_word' id='word_1_61' title='bbox 274 2198 434 2279; x_wconf 85' lang='lat' dir='ltr'>imperata</span> <span class='ocrx_word' id='word_1_62' title='bbox 460 2195 617 2278; x_wconf 86' lang='lat' dir='ltr'>fecerunt,</span> <span class='ocrx_word' id='word_1_63' title='bbox 650 2196 766 2279; x_wconf 91' lang='lat' dir='ltr'>quibus</span> <span class='ocrx_word' id='word_1_64' title='bbox 795 2218 918 2275; x_wconf 90' lang='lat' dir='ltr'>eorum,</span> <span class='ocrx_word' id='word_1_65' title='bbox 951 2199 1006 2282; x_wconf 91' lang='lat' dir='ltr'>qui</span> <span class='ocrx_word' id='word_1_66' title='bbox 1032 2198 1066 2262; x_wconf 91' lang='lat' dir='ltr'>in</span> <span class='ocrx_word' id='word_1_67' title='bbox 1094 2199 1146 2263; x_wconf 91' lang='lat' dir='ltr'>de-</span> 
     </span>
     <span class='ocr_line' id='line_1_14' title="bbox 137 2285 1145 2369; baseline 0.001 -18"><span class='ocrx_word' id='word_1_68' title='bbox 137 2287 275 2351; x_wconf 87' lang='lat' dir='ltr'>fectione</span> <span class='ocrx_word' id='word_1_69' title='bbox 293 2287 585 2369; x_wconf 84' lang='lat' dir='ltr'>perseveraverant,</span> <span class='ocrx_word' id='word_1_70' title='bbox 601 2285 697 2347; x_wconf 90' lang='lat' dir='ltr'>urbes</span> <span class='ocrx_word' id='word_1_71' title='bbox 718 2305 877 2368; x_wconf 84' lang='lat' dir='ltr'>agrosque</span> <span class='ocrx_word' id='word_1_72' title='bbox 891 2285 988 2350; x_wconf 89' lang='lat' dir='ltr'>iussit</span> <span class='ocrx_word' id='word_1_73' title='bbox 1000 2286 1145 2354; x_wconf 80' lang='lat' dir='ltr'>attribui.</span> 
     </span>
    </p>

    <p class='ocr_par' dir='ltr' id='par_1_8' title="bbox 103 2370 1145 2634">
     <span class='ocr_line' id='line_1_15' title="bbox 103 2370 1145 2458; baseline 0 -19"><span class='ocrx_word' id='word_1_74' title='bbox 103 2394 118 2440; x_wconf 87' lang='lat'><strong>3</strong></span> <span class='ocrx_word' id='word_1_75' title='bbox 137 2375 184 2438; x_wconf 90' lang='lat' dir='ltr'>At</span> <span class='ocrx_word' id='word_1_76' title='bbox 202 2375 310 2438; x_wconf 88' lang='lat' dir='ltr'>exules</span> <span class='ocrx_word' id='word_1_77' title='bbox 328 2370 494 2437; x_wconf 83' lang='lat' dir='ltr'>Bactriani</span> <span class='ocrx_word' id='word_1_78' title='bbox 513 2393 584 2437; x_wconf 90' lang='lat' dir='ltr'>cum</span> <span class='ocrx_word' id='word_1_79' title='bbox 600 2387 690 2437; x_wconf 87' lang='lat' dir='ltr'>Dccc</span> <span class='ocrx_word' id='word_1_80' title='bbox 705 2371 963 2458; x_wconf 83' lang='lat' dir='ltr'>Massagetarum</span> <span class='ocrx_word' id='word_1_81' title='bbox 981 2374 1145 2458; x_wconf 91' lang='lat' dir='ltr'>equitibus</span> 
     </span>
     <span class='ocr_line' id='line_1_16' title="bbox 136 2460 1144 2547; baseline -0.002 -19"><span class='ocrx_word' id='word_1_82' title='bbox 136 2463 301 2547; x_wconf 88' lang='lat' dir='ltr'>proximos</span> <span class='ocrx_word' id='word_1_83' title='bbox 324 2461 413 2527; x_wconf 86' lang='lat' dir='ltr'>vicos</span> <span class='ocrx_word' id='word_1_84' title='bbox 436 2463 652 2524; x_wconf 83' lang='lat' dir='ltr'>vastaverunt.</span> <span class='ocrx_word' id='word_1_85' title='bbox 697 2460 749 2523; x_wconf 87' lang='lat' dir='ltr'>Ad</span> <span class='ocrx_word' id='word_1_86' title='bbox 773 2482 852 2544; x_wconf 90' lang='lat' dir='ltr'>quos</span> <span class='ocrx_word' id='word_1_87' title='bbox 875 2462 1066 2527; x_wconf 85' lang='lat' dir='ltr'>coercendos</span> <span class='ocrx_word' id='word_1_88' title='bbox 1084 2462 1144 2526; x_wconf 89' lang='lat' dir='ltr'>At·</span> 
     </span>
     <span class='ocr_line' id='line_1_17' title="bbox 136 2546 1144 2634; baseline 0 -20"><span class='ocrx_word' id='word_1_89' title='bbox 136 2553 232 2634; x_wconf 88' lang='lat' dir='ltr'>tinas,</span> <span class='ocrx_word' id='word_1_90' title='bbox 249 2550 392 2634; x_wconf 83' lang='lat' dir='ltr'>regionis</span> <span class='ocrx_word' id='word_1_91' title='bbox 411 2548 479 2613; x_wconf 92' lang='lat' dir='ltr'>eius</span> <span class='ocrx_word' id='word_1_92' title='bbox 499 2546 689 2630; x_wconf 82' lang='lat' dir='ltr'>praefectus,</span> <span class='ocrx_word' id='word_1_93' title='bbox 712 2564 774 2614; x_wconf 86' lang='lat' dir='ltr'>ccc</span> <span class='ocrx_word' id='word_1_94' title='bbox 794 2549 926 2632; x_wconf 87' lang='lat' dir='ltr'>equites,</span> <span class='ocrx_word' id='word_1_95' title='bbox 943 2550 1144 2633; x_wconf 89' lang='lat' dir='ltr'>insidiarum,</span> 
     </span>
    </p>

    <p class='ocr_par' dir='ltr' id='par_1_9' title="bbox 101 2636 1146 2896">
     <span class='ocr_line' id='line_1_18' title="bbox 101 2636 1146 2722; baseline -0.002 -18"><span class='ocrx_word' id='word_1_96' title='bbox 101 2657 219 2722; x_wconf 70' lang='lat' dir='ltr'>aquae</span> <span class='ocrx_word' id='word_1_97' title='bbox 242 2639 453 2720; x_wconf 87' lang='lat' dir='ltr'>parabantur,</span> <span class='ocrx_word' id='word_1_98' title='bbox 481 2637 628 2720; x_wconf 85' lang='lat' dir='ltr'>ignarus,</span> <span class='ocrx_word' id='word_1_99' title='bbox 651 2637 768 2701; x_wconf 86' lang='lat' dir='ltr'>eduxit.</span> <span class='ocrx_word' id='word_1_100' title='bbox 813 2636 961 2721; x_wconf 89' lang='lat' dir='ltr'>Namque</span> <span class='ocrx_word' id='word_1_101' title='bbox 984 2637 1087 2702; x_wconf 87' lang='lat' dir='ltr'>hostis</span> <span class='ocrx_word' id='word_1_102' title='bbox 1110 2639 1146 2701; x_wconf 87' lang='lat' dir='ltr'>in</span> 
     </span>
     <span class='ocr_line' id='line_1_19' title="bbox 137 2724 1144 2806; baseline 0.002 -18"><span class='ocrx_word' id='word_1_103' title='bbox 137 2727 227 2788; x_wconf 91' lang='lat' dir='ltr'>silvis</span> <span class='ocrx_word' id='word_1_104' title='bbox 258 2729 359 2788; x_wconf 84' lang='lat' dir='ltr'>-‘et</span> <span class='ocrx_word' id='word_1_105' title='bbox 386 2727 479 2787; x_wconf 89' lang='lat' dir='ltr'>erant</span> <span class='ocrx_word' id='word_1_106' title='bbox 505 2724 590 2787; x_wconf 88' lang='lat' dir='ltr'>forte</span> <span class='ocrx_word' id='word_1_107' title='bbox 617 2745 730 2806; x_wconf 88' lang='lat' dir='ltr'>campo</span> <span class='ocrx_word' id='word_1_108' title='bbox 757 2725 885 2789; x_wconf 87' lang='lat' dir='ltr'>iunctae</span> <span class='ocrx_word' id='word_1_109' title='bbox 911 2760 954 2772; x_wconf 92' lang='lat'><em>-</em></span> <span class='ocrx_word' id='word_1_110' title='bbox 983 2729 1144 2790; x_wconf 90' lang='lat' dir='ltr'>armatum</span> 
     </span>
     <span class='ocr_line' id='line_1_20' title="bbox 137 2811 1145 2896; baseline 0.001 -20"><span class='ocrx_word' id='word_1_111' title='bbox 137 2813 273 2876; x_wconf 88' lang='lat' dir='ltr'>militem</span> <span class='ocrx_word' id='word_1_112' title='bbox 297 2812 440 2876; x_wconf 88' lang='lat' dir='ltr'>condidit</span> <span class='ocrx_word' id='word_1_113' title='bbox 462 2811 573 2894; x_wconf 88' lang='lat' dir='ltr'>paucis</span> <span class='ocrx_word' id='word_1_114' title='bbox 599 2812 854 2894; x_wconf 89' lang='lat' dir='ltr'>propellentibus</span> <span class='ocrx_word' id='word_1_115' title='bbox 876 2834 1007 2896; x_wconf 86' lang='lat' dir='ltr'>pecora,</span> <span class='ocrx_word' id='word_1_116' title='bbox 1033 2817 1071 2877; x_wconf 92' lang='lat' dir='ltr'>ut</span> <span class='ocrx_word' id='word_1_117' title='bbox 1097 2814 1145 2877; x_wconf 90' lang='lat' dir='ltr'>in·</span> 
     </span>
    </p>

    <p class='ocr_par' dir='ltr' id='par_1_10' title="bbox 102 2898 1146 3247">
     <span class='ocr_line' id='line_1_21' title="bbox 102 2898 1145 2986; baseline -0.002 -19"><span class='ocrx_word' id='word_1_118' title='bbox 102 2900 307 2986; x_wconf 73' lang='lat' dir='ltr'>aprovidum</span> <span class='ocrx_word' id='word_1_119' title='bbox 340 2901 380 2963; x_wconf 88' lang='lat' dir='ltr'>ad</span> <span class='ocrx_word' id='word_1_120' title='bbox 407 2898 539 2962; x_wconf 90' lang='lat' dir='ltr'>insidias</span> <span class='ocrx_word' id='word_1_121' title='bbox 567 2900 687 2982; x_wconf 92' lang='lat' dir='ltr'>praeda</span> <span class='ocrx_word' id='word_1_122' title='bbox 713 2899 908 2982; x_wconf 90' lang='lat' dir='ltr'>perduceret.</span> <span class='ocrx_word' id='word_1_123' title='bbox 955 2901 1070 2985; x_wconf 89' lang='lat' dir='ltr'>Itaque</span> <span class='ocrx_word' id='word_1_124' title='bbox 1098 2901 1145 2965; x_wconf 92' lang='lat' dir='ltr'>in·</span> 
     </span>
     <span class='ocr_line' id='line_1_22' title="bbox 137 2986 1146 3072; baseline 0.001 -20"><span class='ocrx_word' id='word_1_125' title='bbox 137 2988 304 3070; x_wconf 88' lang='lat' dir='ltr'>conposito</span> <span class='ocrx_word' id='word_1_126' title='bbox 329 2987 457 3071; x_wconf 88' lang='lat' dir='ltr'>agmine</span> <span class='ocrx_word' id='word_1_127' title='bbox 477 2987 657 3071; x_wconf 89' lang='lat' dir='ltr'>solutisque</span> <span class='ocrx_word' id='word_1_128' title='bbox 676 2986 843 3052; x_wconf 86' lang='lat' dir='ltr'>ordinibus</span> <span class='ocrx_word' id='word_1_129' title='bbox 861 2987 992 3053; x_wconf 88' lang='lat' dir='ltr'>Attinas</span> <span class='ocrx_word' id='word_1_130' title='bbox 1010 2989 1146 3072; x_wconf 89' lang='lat' dir='ltr'>praeda·</span> 
     </span>
     <span class='ocr_line' id='line_1_23' title="bbox 136 3076 1145 3161; baseline 0.001 -21"><span class='ocrx_word' id='word_1_131' title='bbox 136 3077 261 3140; x_wconf 91' lang='lat' dir='ltr'>bundus</span> <span class='ocrx_word' id='word_1_132' title='bbox 285 3076 493 3159; x_wconf 87' lang='lat' dir='ltr'>sequebatur:</span> <span class='ocrx_word' id='word_1_133' title='bbox 518 3097 613 3158; x_wconf 91' lang='lat' dir='ltr'>quem</span> <span class='ocrx_word' id='word_1_134' title='bbox 635 3078 911 3160; x_wconf 77' lang='lat' dir='ltr'>praetergressum</span> <span class='ocrx_word' id='word_1_135' title='bbox 934 3077 1064 3161; x_wconf 83' lang='lat' dir='ltr'>silvam,</span> <span class='ocrx_word' id='word_1_136' title='bbox 1088 3078 1145 3160; x_wconf 90' lang='lat' dir='ltr'>qui</span> 
     </span>
     <span class='ocr_line' id='line_1_24' title="bbox 137 3162 1144 3247; baseline 0 -18"><span class='ocrx_word' id='word_1_137' title='bbox 137 3165 171 3229; x_wconf 91' lang='lat' dir='ltr'>in</span> <span class='ocrx_word' id='word_1_138' title='bbox 195 3187 233 3229; x_wconf 91' lang='lat' dir='ltr'>ea</span> <span class='ocrx_word' id='word_1_139' title='bbox 256 3163 479 3246; x_wconf 86' lang='lat' dir='ltr'>consederant,</span> <span class='ocrx_word' id='word_1_140' title='bbox 507 3184 546 3226; x_wconf 85' lang='lat' dir='ltr'>ex</span> <span class='ocrx_word' id='word_1_141' title='bbox 569 3163 735 3247; x_wconf 83' lang='lat' dir='ltr'>inproviso</span> <span class='ocrx_word' id='word_1_142' title='bbox 763 3162 870 3227; x_wconf 89' lang='lat' dir='ltr'>adorti</span> <span class='ocrx_word' id='word_1_143' title='bbox 896 3185 969 3228; x_wconf 92' lang='lat' dir='ltr'>cum</span> <span class='ocrx_word' id='word_1_144' title='bbox 996 3164 1144 3229; x_wconf 87' lang='lat' dir='ltr'>omnibus</span> 
     </span>
    </p>

    <p class='ocr_par' dir='ltr' id='par_1_11' title="bbox 102 3249 1146 3513">
     <span class='ocr_line' id='line_1_25' title="bbox 102 3249 1146 3320; baseline -0.002 -1"><span class='ocrx_word' id='word_1_145' title='bbox 102 3274 118 3320; x_wconf 87' lang='lat' dir='ltr'>c</span> <span class='ocrx_word' id='word_1_146' title='bbox 136 3255 375 3317; x_wconf 89' lang='lat' dir='ltr'>interemerunt.</span> <span class='ocrx_word' id='word_1_147' title='bbox 413 3249 569 3316; x_wconf 78' lang='lat' dir='ltr'>Celeriter</span> <span class='ocrx_word' id='word_1_148' title='bbox 583 3251 623 3316; x_wconf 91' lang='lat' dir='ltr'>ad</span> <span class='ocrx_word' id='word_1_149' title='bbox 638 3249 807 3317; x_wconf 79' lang='lat' dir='ltr'>Craterum</span> <span class='ocrx_word' id='word_1_150' title='bbox 825 3250 921 3316; x_wconf 88' lang='lat' dir='ltr'>huius</span> <span class='ocrx_word' id='word_1_151' title='bbox 941 3252 1042 3316; x_wconf 89' lang='lat' dir='ltr'>cladis</span> <span class='ocrx_word' id='word_1_152' title='bbox 1056 3252 1146 3317; x_wconf 87' lang='lat' dir='ltr'>fama</span> 
     </span>
     <span class='ocr_line' id='line_1_26' title="bbox 137 3339 1146 3424; baseline 0.001 -20"><span class='ocrx_word' id='word_1_153' title='bbox 137 3342 262 3423; x_wconf 89' lang='lat' dir='ltr'>perlata</span> <span class='ocrx_word' id='word_1_154' title='bbox 290 3344 353 3424; x_wconf 89' lang='lat' dir='ltr'>est,</span> <span class='ocrx_word' id='word_1_155' title='bbox 384 3340 438 3424; x_wconf 93' lang='lat' dir='ltr'>qui</span> <span class='ocrx_word' id='word_1_156' title='bbox 466 3361 538 3404; x_wconf 88' lang='lat' dir='ltr'>cum</span> <span class='ocrx_word' id='word_1_157' title='bbox 569 3341 656 3404; x_wconf 90' lang='lat' dir='ltr'>omni</span> <span class='ocrx_word' id='word_1_158' title='bbox 684 3339 830 3424; x_wconf 91' lang='lat' dir='ltr'>equitatu</span> <span class='ocrx_word' id='word_1_159' title='bbox 858 3341 1050 3423; x_wconf 87' lang='lat' dir='ltr'>supervenit.</span> <span class='ocrx_word' id='word_1_160' title='bbox 1100 3341 1146 3405; x_wconf 82' lang='lat' dir='ltr'>Et</span> 
     </span>
     <span class='ocr_line' id='line_1_27' title="bbox 137 3426 1145 3513; baseline 0.001 -21"><span class='ocrx_word' id='word_1_161' title='bbox 137 3429 341 3512; x_wconf 85' lang='lat' dir='ltr'>Massagetae</span> <span class='ocrx_word' id='word_1_162' title='bbox 365 3427 493 3512; x_wconf 87' lang='lat' dir='ltr'>quidem</span> <span class='ocrx_word' id='word_1_163' title='bbox 516 3427 581 3491; x_wconf 90' lang='lat' dir='ltr'>iarn</span> <span class='ocrx_word' id='word_1_164' title='bbox 603 3427 804 3512; x_wconf 86' lang='lat' dir='ltr'>refugerant:</span> <span class='ocrx_word' id='word_1_165' title='bbox 835 3426 949 3492; x_wconf 89' lang='lat' dir='ltr'>Dahae</span> <span class='ocrx_word' id='word_1_166' title='bbox 972 3428 1064 3493; x_wconf 86' lang='lat' dir='ltr'>mille</span> <span class='ocrx_word' id='word_1_167' title='bbox 1088 3450 1145 3513; x_wconf 87' lang='lat' dir='ltr'>op·</span> 
     </span>
    </p>
   </div>
   <div class='ocr_carea' id='block_1_7' title="bbox 0 0 1228 3908">
    <p class='ocr_par' dir='ltr' id='par_1_12' title="bbox 0 0 1228 3908">
     <span class='ocr_line' id='line_1_28' title="bbox 0 0 1228 3908; baseline 0 0"><span class='ocrx_word' id='word_1_168' title='bbox 0 0 1228 3908; x_wconf 95' lang='lat' dir='ltr'> </span> 
     </span>
    </p>
   </div>
  </div>
 </body>
</html>
