2444 3908
285 141 538 198 HISTORIARUM
555 142 771 198 ALEXANDRI
789 142 875 213 VIIII,
894 150 919 199 4.
939 148 963 197 ὁ.
1068 142 1133 206 239

127 282 354 349 obruebantur.
403 284 545 349 Tandem
578 286 833 371 magnitudinem
865 286 1000 370 periculi
1031 285 1135 369 pudor

126 372 217 454 vicit,
245 372 361 454 quippe
385 373 557 437 cernebant
580 375 783 439 cunctatione
808 397 866 439 sua
892 374 964 438 dedi
986 373 1133 437 hostibus

126 478 243 543 regem.
280 456 343 523 Sed
361 460 543 525 festinando
564 462 772 526 morabantur
790 462 917 526 auxilia.
953 459 1038 526 Nam
1057 461 1133 525 dum
1152 472 1188 521 33

125 568 184 631 pro
208 567 243 609 se
267 548 399 631 quisque
423 552 526 613 certat
549 550 695 631 evadere,
723 571 895 614 oneravere
921 549 1037 631 scalas,
1061 549 1133 632 quis

125 655 190 698 non
213 633 448 700 sufficientibus
474 637 616 701 devoluti
638 639 766 700 unicam
789 659 879 720 spem
901 636 988 719 regis
1015 636 1134 701 fefelle

125 724 211 787 runt.
256 718 371 786 Stabat
394 725 479 787 enim
503 723 537 787 in
560 730 734 808 conspectu
756 726 841 790 tanti
863 725 1021 789 exercitus
1044 724 1134 788 velut

125 810 161 873 in
183 809 357 875 solitudine
381 810 563 875 destitutus.

560 967 638 1035 Car.
661 968 701 1035 V.

75 1081 117 1146 19
213 1073 347 1160 Iamque
377 1073 516 1158 laevam,
553 1096 617 1160 que
648 1075 787 1159 clipeum
821 1076 860 1139 ad
891 1076 974 1141 ictus
1001 1077 1168 1142 circum-1

127 1163 265 1248 ferebat,
297 1165 478 1229 lassaverat
508 1163 723 1228 clamantibus
755 1164 880 1247 amieis,
909 1167 947 1228 ut
978 1165 1018 1230 ad
1045 1165 1134 1248 ipsos

128 1250 285 1336 desiliret,
304 1251 500 1335 stabantque
519 1252 696 1333 excepturi:
716 1273 788 1317 cum
806 1253 864 1316 ille
882 1273 951 1315 rem
968 1274 1065 1316 ausus
1084 1256 1134 1316 est

126 1338 349 1404 incredibilem
363 1341 459 1422 atque
472 1339 651 1403 inauditam
664 1340 830 1423 multoque
844 1340 948 1423 magis
959 1340 998 1403 ad
1013 1341 1135 1403 famam

127 1427 321 1491 temeritatis
341 1447 437 1510 quam
456 1428 594 1510 gloriam
607 1426 777 1510 insignem.
808 1426 956 1511 Namque
974 1428 1008 1490 in
1021 1427 1134 1491 urbem
1152 1439 1169 1486 a

127 1514 272 1579 hostium
284 1514 414 1597 plenam
432 1513 600 1597 praecipiti
615 1515 700 1578 saltu
715 1515 886 1598 semetipse
900 1515 1044 1599 immisit,
1062 1536 1135 1580 oum

127 1602 183 1667 vix
205 1623 333 1685 sperare
360 1605 484 1684 posset,
511 1602 719 1665 dimicantem
742 1605 827 1665 certe
850 1608 883 1666 et
906 1623 973 1666 non
995 1603 1135 1667 inultum

129 1711 198 1754 esse
216 1691 422 1754 moriturum:
444 1689 563 1773 quippe
582 1692 754 1773 antequam
772 1689 974 1771 adsurgeret,
995 1690 1136 1774 opprimi

128 1780 257 1861 poterat
275 1780 308 1840 et
327 1778 398 1860 capi
416 1777 516 1841 vivus.
553 1774 615 1840 Sed
636 1775 721 1840 forte
742 1777 791 1840 ita
811 1776 988 1841 libraverat
1009 1799 1135 1861 corpus,
1154 1791 1170 1839 3

128 1869 166 1928 ut
184 1884 218 1928 se
239 1864 375 1947 pedibus
394 1864 562 1948 exciperet.
598 1863 714 1947 Itaque
732 1867 822 1928 stans
845 1864 907 1928 init
928 1883 1072 1947 pugnam
1095 1867 1135 1948 et,

128 1972 169 2018 ne
188 1951 350 2016 circumiri
367 1957 490 2035 posset,
508 1952 640 2015 fortuna
657 1951 852 2033 providerat.
882 1950 1020 2016 Vetusta
1038 1952 1135 2016 arbor
1153 1966 1172 2013 4

127 2039 215 2104 haud
237 2039 349 2121 procul
371 2060 463 2103 muro
487 2059 595 2103 ramos
619 2040 723 2104 multa
751 2039 865 2104 fronde
888 2040 1024 2104 vestitos
1047 2041 1136 2104 velut

130 2127 169 2191 de
196 2126 355 2192 industria
376 2146 486 2210 regem
513 2130 720 2212 protegentes
743 2128 918 2193 obiecerat:
945 2128 1041 2193 huius
1065 2149 1137 2211 spa·

128 2216 213 2280 tioso
247 2215 352 2300 stipiti
388 2236 503 2299 corpus
538 2216 592 2297 [ne
623 2216 784 2280 circumiri
815 2217 939 2300 posset]
973 2216 1137 2299 adplicuit,

129 2304 233 2387 clipeo
259 2304 340 2389 tela,
369 2325 451 2388 quae
473 2304 668 2368 ex'adverso
695 2304 938 2389 ingerebantur,
966 2305 1136 2387 excipiens.

129 2390 216 2456 Nam
247 2410 320 2456 oum
350 2413 452 2456 unum
481 2391 594 2475 procul
624 2395 676 2456 tot
706 2413 822 2456 manus
853 2394 1011 2474 peterent,
1042 2402 1171 2455 nemob

130 2483 241 2542 tamen
264 2479 403 2543 audebat
424 2480 557 2561 propius
580 2478 742 2543 accedere:
764 2478 901 2542 missilia
921 2479 1021 2542 ramis
1043 2479 1137 2560 plura

130 2588 228 2651 quam
256 2566 358 2651 clipeo
384 2566 579 2630 incidebant.
618 2565 790 2649 Pugnabat
814 2586 874 2649 pro
896 2584 974 2647 rege
996 2565 1172 2647 primumo

130 2654 284 2720 celebrati
314 2653 456 2719 nominis
483 2652 584 2735 fama,
616 2652 730 2717 deindo
756 2651 953 2736 desperatio,
983 2673 1136 2739 magnum

130 2742 171 2807 ad
197 2741 333 2807 honeste
357 2740 556 2805 moriendum
582 2740 837 2805 incitamentum
877 2737 939 2805 sed
965 2760 1039 2805 cnm
1060 2741 1172 2805 sub-v

130 2829 205 2893 inde
228 2828 333 2894 hostis
356 2828 523 2911 adtineret,
550 2828 617 2893 iam
643 2828 807 2913 ingentem
831 2828 899 2893 vim
919 2828 1061 2894 telorum
1084 2850 1136 2894 ex·

131 2919 261 2999 ceperat
293 2916 411 2998 clipeo,
444 2916 510 2980 iam
541 2916 669 3002 galeam
698 2938 778 2981 saxa
804 2916 1040 3003 perfregerant,
1070 2916 1136 2983 iam

130 3006 282 3069 continuo
314 3005 426 3069 laboro
457 3008 593 3090 gravata
623 3022 731 3089 gauno
763 3003 972 3073 succiderant
1021 3004 1135 3089 Itaque
1155 3016 1170 3042 ⁰

131 3093 344 3178 contemptim
366 3095 401 3158 et
422 3092 551 3157 incante
573 3092 630 3177 qui
654 3090 794 3177 proximi
816 3094 974 3160 steterant
996 3092 1112 3159 incorr

129 3184 218 3247 runt:
242 3203 259 3246 e
282 3181 398 3267 quibus
421 3180 501 3246 duos
524 3180 633 3265 gladio
650 3179 700 3247 ita
716 3180 856 3265 excepit,
876 3184 916 3247 nt
931 3184 1008 3247 anta
1029 3180 1089 3263 ips

131 3271 294 3335 exanimes
312 3268 569 3353 procumberent
607 3266 678 3333 Nee
699 3268 847 3353 cuiquam
870 3268 982 3333 deinde
1003 3288 1072 3351 pror

130 3357 312 3423 incessendi
330 3378 403 3421 eum
426 3356 553 3421 animus
573 3354 650 3421 fuit:
673 3360 779 3441 procr'
812 3360 815 3367 '
882 3358 914 3419 la
935 3354 1064 3439 sagitta.-

77 3448 122 3514 20
132 3445 314 3511 mittebant
357 3445 420 3509 Ille
447 3444 488 3511 ad
514 3464 625 3509 omnes
651 3444 735 3511 ictus
892 3466 927 3506 us
952 3462 1056 3506 none

131 3538 241 3599 tamen
272 3536 440 3617 exceptum
472 3532 651 3619 poplitibus
682 3554 737 3598 cor
892 3532 997 3613 batur,
1036 3530 1052 3590 ι’
