2444 3908
318 141 806 198 HISTORIARUMALEXANDRI
823 143 875 215 lv,
895 151 919 199 6.
1078 143 1120 207 41

116 309 189 351 0010
218 287 303 350 idem
332 287 523 369 recipiendis
551 288 606 371 qui
633 287 840 352 admovendis
866 288 1009 352 turribus
1031 287 1123 352 labor

117 397 171 439 eos
198 375 360 459 fatigaret.
404 374 492 459 Ergo
522 377 665 458 receptui
692 377 785 460 signo
814 375 887 440 dato
915 378 1045 458 postero
1073 376 1123 439 die
1144 396 1177 445 10

116 485 225 527 100100
254 484 372 527 001000
399 463 589 527 circumdari
606 463 716 527 iussit.
760 461 901 546 Ortoque
924 464 999 546 sole,
1021 463 1123 546 prius-

118 573 214 633 quam
238 550 423 615 admoveret
441 552 627 635 exercitum,
649 573 744 634 opem
761 551 855 614 deum
878 572 1050 634 exposcens
1075 574 1123 616 00·

117 660 206 702 crum
228 639 333 722 patrio
352 660 441 703 more
459 639 606 702 faciebat.
641 637 738 702 Forte
755 639 994 722 praetervolans
1009 661 1124 704 corvus
1144 659 1176 707 11

117 727 259 809 glebam,
283 748 379 810 011001
406 727 568 811 unguibus
590 726 727 809 ferebat,
753 727 859 790 subito
883 726 1006 790 amisit:
1044 748 1124 809 quae

118 835 191 877 cum
226 815 311 898 regis
348 815 446 897 capiti
479 815 658 892 incidisset,
697 815 838 878 resoluta
869 813 1015 897 defluxit,
1054 815 1125 897 ipsa

118 912 225 965 autem
257 902 324 966 avis
356 903 392 965 in
423 904 570 986 proxima
600 906 690 966 10110
722 902 875 966 consedit.
926 901 1024 966 Inlita
1056 904 1126 966 erat

117 990 215 1053 turris
242 990 399 1053 bitumine
423 1011 460 1054 ac
483 990 649 1074 sulphure,
680 990 715 1053 in
741 1012 805 1073 000
832 989 891 1054 alis
919 990 1124 1053 haerentibus

117 1077 240 1141 frustra
262 1100 296 1141 se
319 1078 466 1142 adlevare
490 1082 624 1142 conatus
647 1100 666 1141 a
689 1078 968 1142 circumstantibus
992 1077 1125 1160 capitur.

118 1162 229 1247 Digna
248 1187 299 1229 100
322 1166 404 1249 1100,
434 1166 472 1229 de
496 1187 559 1249 qua
581 1170 670 1230 vates
693 1167 885 1249 consuleret,
908 1168 945 1228 ut
968 1168 1037 1228 erat
1058 1185 1125 1228 non
1144 1185 1177 1232 10

118 1253 259 1316 10100100
281 1275 301 1317 a
323 1255 549 1337 superstitione
572 1255 699 1317 mentis.
740 1252 830 1337 Ergo
853 1252 1051 1336 Aristander,
1074 1253 1125 1316 cui

118 1341 259 1403 maxima
284 1341 362 1405 fides
388 1341 582 1405 habebatur:
614 1342 703 1405 urbis
732 1341 859 1423 quidem
887 1341 1043 1405 excidium
1072 1362 1125 1404 au·

118 1428 211 1511 gurio
238 1429 295 1492 illo
325 1429 487 1512 portendi,
520 1433 658 1494 ceterum
690 1429 866 1512 periculum
894 1450 976 1511 esse,
1007 1450 1047 1491 ne
1070 1444 1126 1492 rex

117 1517 234 1579 vulnus
262 1518 428 1599 acciperet.
471 1516 584 1599 Itaque
612 1517 750 1597 monuit,
780 1517 919 1599 nequid
943 1537 979 1580 eo
1004 1516 1054 1579 die
1077 1516 1124 1578 in-

118 1604 247 1686 ciperet.
278 1603 346 1688 Ille,
368 1625 568 1689 quamquam·
583 1626 682 1669 unam
705 1604 816 1668 urbem
840 1604 910 1686 sibi,
933 1626 996 1687 quo
1018 1604 1167 1667 1010110111

118 1712 247 1755 00001110
287 1691 471 1774 Aegyptum
506 1693 655 1770 intraret,
695 1692 824 1755 obstare
863 1712 957 1774 aegre
992 1691 1125 1774 ferebat,

64 1779 106 1842 27
118 1781 229 1840 tamen
263 1779 371 1860 paruit
400 1779 467 1840 vati
499 1780 690 1862 signumque
721 1779 863 1860 receptui
897 1779 991 1843 dedit.
1040 1779 1125 1842 Hinc

121 1865 248 1928 animus
276 1865 376 1928 crevit
403 1865 553 1946 obsessis,
581 1867 762 1948 egressique
789 1869 884 1948 porta
905 1866 1125 1930 recedentibus

120 1953 266 2015 inferunt
297 1952 391 2035 signa
421 1953 658 2016 cunctationem
686 1952 828 2017 hostium
855 1975 946 2016 suam
974 1953 1043 2016 sore
1076 1974 1125 2016 oc-

120 2040 281 2104 casionem
304 2040 375 2102 1011.
412 2037 474 2104 Sed
498 2041 602 2104 acrius
630 2063 726 2124 quam
749 2041 949 2105 constantius
970 2040 1125 2122 proelium
1140 2050 1170 2097 14

118 2129 274 2192 inierunt:
311 2128 427 2211 quippe
458 2131 495 2191 ut
521 2128 733 2192 Macedonum
761 2129 854 2213 signa
881 2129 1054 2212 circumagi
1080 2129 1125 2192 vi·

119 2217 206 2298 dere,
246 2219 378 2298 repente
413 2216 534 2279 sistunt
573 2217 716 2299 gradum.
770 2217 901 2300 Iamque
942 2215 982 2278 ad
1018 2236 1125 2299 regern

118 2304 344 2386 proeliantium
372 2305 492 2368 clamor
514 2308 714 2388 pervenerat,
746 2327 818 2369 cum
841 2304 1022 2368 denuntiati
1043 2304 1125 2388 peri·

120 2391 183 2455 culi
204 2390 290 2455 haud
314 2413 390 2454 sane
413 2413 536 2455 memor
561 2428 599 2438 -
624 2393 755 2456 loricam
778 2397 900 2474 tamen,
934 2414 1030 2474 quam
1052 2414 1125 2455 raro

123 2478 284 2563 induebat,
308 2480 417 2543 amicis
442 2480 609 2543 orantibus
632 2481 769 2562 sumpsit
789 2478 883 2542 -ad
905 2481 1010 2560 prima
1033 2479 1126 2561 signa

118 2567 274 2649 pervenit.
320 2566 390 2642 Quo
415 2571 585 2648 conspecto
608 2566 714 2630 Arabs
738 2567 878 2648 quidam,
905 2565 1003 2629 Darei
1025 2566 1125 2650 miles,
1145 2588 1173 2639 15

119 2655 221 2718 maius
239 2655 372 2718 fortuna
390 2676 448 2717 sua
466 2654 590 2716 facinus
606 2675 711 2737 ausus,
733 2653 875 2736 gladium
890 2654 990 2736 clipeo
1004 2657 1126 2737 tegens,

119 2743 211 2824 quasi
239 2742 408 2824 transfuga
435 2741 571 2824 genibus
597 2741 682 2824 regis
706 2741 892 2806 advolvitur.
933 2740 991 2805 Ille
1016 2743 1124 2805 adsur-

120 2850 194 2912 gere
227 2830 404 2912 supplicem
435 2828 596 2911 recipique
627 2830 712 2892 inter
739 2851 814 2892 suos
841 2829 942 2892 iussit.
986 2829 1032 2892 At
1054 2831 1125 2893 bar·
1146 2850 1176 2898 11

118 2916 215 2979 110100
247 2916 354 3000 gladio
387 2919 515 2979 strenue
546 2917 580 2979 in
612 2916 755 2980 dextram
787 2917 943 2980 translato
972 2918 1125 2980 cervicem

120 3004 254 3086 adpetiit
275 3004 374 3086 regis:
397 3004 452 3086 qui
475 3005 590 3088 exigua
612 3005 753 3087 corporis
775 3004 986 3068 declinatione
1006 3006 1125 3068 evitato

118 3092 184 3156 ictu
207 3092 242 3154 in
262 3113 381 3156 vanum
399 3113 530 3155 manum
549 3093 677 3156 barbari
694 3094 817 3175 lapsam
840 3096 986 3176 amputat
1010 3094 1126 3176 gladio,

119 3180 308 3244 denuntiato
331 3180 366 3242 in
387 3179 479 3244 illum
495 3180 578 3243 diem
592 3181 742 3262 periculo,
764 3183 801 3243 ut
815 3181 1032 3244 arbitrabatur
1046 3182 1124 3264 ipse,

119 3268 296 3333 defunctus
355 3265 431 3351 Sed,
467 3272 504 3332 ut
540 3272 666 3351 opinor,
702 3269 885 3331 inevitabile
922 3273 971 3331 001
1006 3270 1123 3332 fatum:
1145 3290 1175 3337 11

119 3356 235 3439 quippe
259 3356 335 3421 dum
357 3357 443 3419 inter
464 3357 619 3439 primores
642 3356 822 3438 promptius
841 3357 980 3437 dimicat,
1004 3358 1124 3440 sagitta

118 3443 201 3506 ictus
225 3448 286 3528 est,
314 3466 410 3527 quam
432 3465 489 3527 per
511 3443 641 3505 loricam
665 3444 824 3525 adactam,
848 3448 987 3506 stantem
1010 3446 1044 3505 in
1066 3444 1123 3507 hu-

118 3552 207 3595 mero
230 3533 371 3596 medicus
395 3532 463 3595 eius
486 3530 653 3614 Philippus
676 3533 791 3595 evellit.
827 3531 986 3594 Plurimus
1010 3531 1123 3594 deinde
1144 3553 1176 3600 10
