2444 3908
133 102 195 168 186
505 103 536 168 Q.
557 103 665 158 culum
682 103 769 157 RUFI

80 257 110 306 19
130 268 249 312 corum.
281 245 357 310 'llle
384 265 437 311 1111
464 247 594 311 milibus
626 245 766 310 ferarum
799 245 930 312 deiectis
961 247 995 312 in
1023 246 1136 312 eodem

131 335 217 400 saltu
235 355 307 400 cum
325 337 396 400 toto
415 335 555 399 exercitu
578 335 726 418 epulatus
752 337 810 399 est.

217 421 296 487 Inde
306 421 501 488 Maracanda
514 423 653 487 reditum
668 425 730 486 est:
745 424 938 508 acceptaque
953 423 1070 488 aetatis
1085 445 1136 488 ex·
1151 423 1172 487 3

130 512 294 576 curatione
316 512 357 575 ab
376 512 539 576 Artabazo
562 511 763 594 provinciam
786 511 854 574 eius
878 510 1021 576 destinat
1040 509 1136 576 Clito.

77 608 112 658 ao
130 598 193 664 Hic
206 602 285 682 erat,
304 599 360 683 qui
377 600 461 682 apud
476 598 648 664 Granicum
663 619 790 663 amnem
804 597 890 662 nudo
906 599 1011 682 capite
1026 619 1138 682 regem

130 687 337 751 dimicantem
356 687 458 770 clipeo
477 709 535 752 suo
553 687 637 752 texit
659 690 692 751 et
710 685 867 751 Rhosacis
886 708 1017 751 manum
1037 687 1138 771 capiti

15 821 20 828 -
129 776 216 858 regis
245 775 469 840 imminentem
502 775 610 858 gladio
643 775 834 858 amputavit,
866 778 958 839 vetus
991 773 1138 858 Philippi

76 872 110 921 21
129 864 222 928 miles
254 863 427 947 multisque
458 863 583 927 bellicis
616 863 767 945 operibus
795 862 908 927 clarus.
958 860 1138 947 Hellanice,

130 973 212 1036 quae
238 950 458 1016 Alexandrum
485 951 688 1034 educaverat,
716 971 807 1016 soror
831 950 913 1034 eius,
935 949 1022 1014 haud
1046 972 1138 1016 secus

130 1039 227 1122 quam
250 1043 354 1104 mater
376 1062 396 1104 a
417 1059 494 1124 rege
517 1039 720 1123 diligebatur.
766 1036 815 1103 Ob
838 1037 898 1102 has
922 1059 1034 1103 causas
1058 1038 1139 1103 vali-

129 1128 295 1191 dissimum
317 1127 445 1210 imperii
467 1131 593 1210 partem
615 1127 691 1191 fidei
713 1125 781 1190 eius
805 1126 989 1208 tutelaeque
1008 1127 1139 1191 commi·

75 1225 110 1273 22
130 1215 182 1280 sit.
227 1213 359 1298 Iamque
385 1215 449 1279 iter
475 1236 591 1298 parare
613 1215 648 1278 in
669 1218 836 1297 posterum
858 1213 964 1301 iussus
988 1215 1139 1279 sollemni

131 1306 164 1366 et
190 1303 383 1384 tempestivo
417 1302 587 1367 adhibetur
618 1302 774 1367 convivio.
822 1301 862 1364 In
889 1322 952 1384 quo
980 1324 1036 1367 rex
1064 1324 1138 1367 oum

130 1388 233 1453 multo
256 1389 445 1455 incaluisset
468 1411 566 1473 mero,
588 1390 778 1454 immodicus
798 1390 987 1454 aestimator
1006 1391 1066 1474 sui,
1090 1412 1138 1455 oe

130 1476 270 1562 labrare,
301 1499 382 1561 quae
415 1482 576 1564 gesserat,
608 1479 727 1563 coepit,
760 1477 867 1563 gravis
901 1478 999 1541 etiam
1027 1500 1138 1544 eorum

75 1574 110 1623 23
130 1566 274 1649 auribus,
310 1565 366 1649 qui
402 1567 585 1631 sentiebant
620 1587 696 1630 vera
727 1566 909 1630 memorari.
964 1563 1137 1632 Silentium

129 1658 239 1717 tamen
261 1653 402 1718 habuere
426 1655 577 1738 seniores,
600 1654 700 1719 donec
722 1653 867 1736 Philippi
889 1676 940 1718 res
964 1675 1056 1718 orsus
1080 1655 1138 1720 ob·

128 1745 231 1806 terere
253 1742 397 1806 nobilem
420 1742 504 1825 apud
523 1739 744 1808 Chaeroneam
767 1742 936 1806 victoriam
961 1743 1010 1806 sui
1029 1743 1136 1825 operis

129 1829 228 1894 fuisse
256 1829 391 1895 iactavit
420 1830 668 1914 ademptamque
698 1830 761 1895 sibi
788 1830 994 1914 malignitate
1028 1834 1062 1894 et
1092 1831 1138 1894 in·

75 1926 111 1976 24
129 1918 216 1983 vidia
243 1918 346 2001 patris
373 1921 487 1983 tantae
513 1919 562 1983 rei
589 1919 737 2003 gloriam.
781 1916 878 1981 Illum
905 1917 1032 2002 quidem
1056 1918 1138 1983 sedi·

128 2007 218 2072 tione
236 2006 321 2071 inter
338 2004 530 2071 Macedones
549 2007 670 2070 milites
689 2010 722 2071 et
740 2003 880 2070 Graecos
899 2007 1137 2072 mercennarios

130 2097 202 2159 orta
229 2094 433 2158 debilitatum
460 2094 606 2177 vulnere,
638 2094 724 2178 quod
750 2095 786 2158 in
813 2114 851 2158 ea
877 2095 1137 2159 consternatione

130 2185 306 2264 acceperat,
328 2181 473 2264 iacuisse,
491 2203 558 2246 non
576 2182 658 2246 alias
678 2203 776 2266 quam
794 2181 1002 2246 simulatione
1022 2183 1137 2247 mortis

128 2269 295 2351 tutiorem,
318 2289 352 2332 se
372 2290 487 2350 corpus
506 2270 574 2334 eius
593 2270 781 2352 protexisse,
800 2268 903 2353 clipeo
922 2291 980 2334 suo
994 2273 1137 2335 ruentes-

76 2366 110 2415 25
130 2378 191 2440 que
218 2356 253 2419 in
280 2355 373 2421 illum
400 2378 458 2421 sua
485 2379 583 2422 manu
609 2357 741 2422 occisos.
787 2355 875 2432 Quae
898 2360 1024 2441 patrem
1045 2379 1137 2423 num-

130 2467 227 2528 quam
250 2465 352 2528 aequo
377 2445 485 2510 animo
509 2467 578 2510 esse
601 2444 797 2528 confessum,
827 2445 966 2510 invitum
992 2446 1061 2510 filio
1085 2445 1138 2510 de·

129 2534 259 2597 bentem
274 2533 412 2598 salutem
427 2555 528 2598 suam.
560 2532 673 2617 Itaque
686 2537 762 2616 post
776 2533 1021 2618 expeditionem,
1039 2555 1138 2617 quam

130 2622 199 2685 sine
223 2643 260 2687 eo
283 2621 413 2686 fecisset
433 2623 501 2705 ipse
519 2622 554 2686 in
568 2621 711 2706 Illyrios,
732 2621 886 2686 victorem
911 2622 1077 2705 scripsisse
1101 2643 1137 2687 se

129 2709 228 2793 patri,
259 2709 348 2775 fusos
379 2709 573 2795 fugatosque
601 2709 714 2774 hostes
744 2730 805 2774 nec
832 2709 972 2775 adfuisse
999 2731 1137 2793 usquam

75 2806 110 2856 26
129 2795 326 2880 Philippum.
367 2796 475 2862 Laude
493 2798 609 2882 dignos
628 2819 707 2882 esse,
730 2819 797 2864 non
815 2799 872 2882 qui
890 2797 1137 2863 Samothracum

129 2883 224 2949 initia
251 2884 406 2968 viserent,
437 2907 509 2950 oum
536 2886 651 2950 Asiam
678 2886 728 2951 uri
760 2887 945 2971 vastarique
972 2889 1137 2969 oporteret

130 2972 186 3036 sed
209 2994 278 3056 eos,
305 2974 360 3057 qui
387 2973 607 3058 magnitudine
629 2995 736 3039 rerum
757 2974 854 3039 fidem
877 2974 1136 3039 antecessissent.

59 3073 110 3122 Ἰ27
129 3058 219 3125 Haec
241 3061 346 3126 ethis
369 3062 489 3127 similia
510 3062 589 3127 laeti
612 3063 741 3127 audiere
763 3062 908 3145 iuvenes,
935 3063 1066 3146 ingrata
1089 3062 1174 3126 se-4

129 3148 274 3214 nioribus
307 3155 406 3234 erant,
429 3151 568 3216 maxime
597 3155 730 3235 propter
756 3149 956 3234 Philippum,
984 3151 1044 3214 sub
1072 3171 1137 3233 quo

75 3250 110 3300 ⁶28
130 3237 248 3302 diutius
278 3239 438 3304 vixerant:
471 3261 544 3304 oum
571 3237 690 3323 Olitus,
721 3259 763 3303 ne
794 3239 864 3323 ipse
897 3237 1025 3323 quidem
1056 3238 1157 3303 satis·

130 3327 270 3410 sobrius,
293 3327 334 3391 ad
357 3349 428 3411 eos,
452 3328 506 3412 qui
528 3327 614 3393 infra
636 3328 742 3410 ipsum
767 3326 941 3410 cubabant,
964 3346 1137 3390 conversus

129 3415 294 3500 Euripidis
321 3416 449 3481 rettulit
476 3437 619 3500 carmen,
646 3415 695 3480 ita
721 3419 759 3480 ut
785 3436 882 3480 sonus
911 3414 1015 3499 magis
1040 3435 1138 3498 quam

76 3515 110 3564 29
130 3525 234 3570 sermo
254 3504 398 3570 exaudiri
416 3508 528 3590 posset
546 3527 566 3570 a
584 3523 670 3590 rege,
694 3525 756 3588 quo
776 3501 1029 3587 significabatur,
1052 3502 1138 3566 male
