2444 3908
433 705 482 805 Q.
511 705 702 788 OURTI
728 705 878 789 RUFI
905 702 908 708 ’

523 857 777 914 HISTORIARUM

223 1001 755 1099 ALEXANDRI
798 1001 1089 1100 MAGNI

68 1157 71 1162 ’
189 1163 191 1166 ⁴
486 1169 811 1237 nnonnours

570 1344 680 1398 LIBER
696 1343 730 1400 V.

589 1484 667 1552 One.
688 1486 714 1552 I.

117 1704 129 1752 ι
238 1677 325 1755 Quae
352 1680 480 1744 interim
504 1680 600 1745 ductu
626 1681 822 1765 imperioque
848 1680 1024 1746 Alexandri
1046 1681 1097 1747 vel
1120 1682 1188 1754 inl

150 1765 280 1833 Graecis
312 1768 362 1832 vel
393 1768 510 1852 Illyriis
543 1791 580 1834 ac
611 1769 749 1835 Thracia
780 1774 873 1855 gesta
904 1774 991 1854 sunt,
1028 1770 1056 1834 si
1088 1772 1156 1836 suis

116 1878 293 1940 squaeque
320 1857 518 1941 temporibus
544 1856 673 1922 reddere
700 1858 845 1941 voluero,
876 1859 1157 1940 interrumpendae

150 1948 226 2008 sunt
256 1966 307 2008 res
339 1942 453 2026 Asiae,
489 1967 567 2027 quas
601 1945 710 2028 ntique
743 1946 783 2008 ad
813 1945 924 2028 fugam
956 1949 1158 2029 mortemque

149 2030 247 2094 Darei
272 2031 436 2095 universas
458 2032 493 2094 in
516 2039 722 2115 conspectum
745 2032 814 2094 dari
837 2036 884 2114 et,
908 2031 990 2096 sicut
1011 2030 1096 2093 inter
1121 2056 1158 2098 se

149 2117 332 2199 cohaerent,
358 2117 404 2181 ita
431 2139 526 2200 opere
552 2119 623 2201 ipso
638 2117 797 2201 coniungi
818 2118 904 2181 haud
927 2118 1022 2199 paulo
1047 2119 1157 2200 aptius

148 2204 249 2268 videri
275 2206 389 2286 potest.
434 2202 551 2288 Igitur,
578 2225 659 2289 quae
681 2205 802 2288 proelio
826 2206 911 2289 apud
933 2203 1055 2269 Arbela
1077 2228 1157 2272 con-

148 2292 258 2357 iuncta
280 2294 368 2375 sunt,
391 2292 498 2356 ordiar
520 2292 631 2356 dicere.

113 2403 129 2449 a
236 2379 360 2445 Dareus
388 2379 492 2445 media
517 2380 584 2445 fere
610 2383 703 2446 nocte
726 2378 848 2444 Arbela
869 2384 1071 2465 pervenerat,
1102 2404 1157 2449 eo·

149 2469 283 2552 demque
318 2489 456 2552 magnae
491 2469 593 2552 pertis
630 2469 805 2532 amicorum
841 2468 908 2534 eius
945 2491 982 2533 ac
1013 2469 1157 2536 militum

114 2557 260 2640 cfugam
281 2555 411 2620 fortuna
433 2558 628 2640 conpulerat.
665 2555 787 2632 Quibus
809 2558 991 2621 convocatis
1014 2559 1157 2641 exponit,

148 2643 234 2707 haud
262 2643 408 2707 dubitare
421 2666 479 2728 se,
510 2645 587 2727 quin
608 2642 790 2709 Alexander
813 2645 1034 2709 celeberrimas
1057 2646 1156 2712 urbes

150 2751 307 2815 agrosque
327 2732 415 2795 omni
433 2732 525 2815 copia
542 2753 649 2796 rerum
669 2732 867 2796 abundantes
879 2733 1039 2815 petiturus
1053 2738 1155 2801 esset:

151 2819 305 2902 praedam
337 2819 478 2901 opimam
508 2822 718 2902 paratamque
746 2820 853 2903 ipsum
880 2824 913 2885 et
938 2821 1056 2886 milites
1084 2822 1155 2887 eins

115 2929 129 2976 5
150 2909 301 2990 spectare.
336 2904 375 2971 Id
393 2907 460 2971 suis
477 2907 573 2971 rebus
591 2907 651 2971 tali
668 2907 703 2970 in
721 2910 808 2971 statu
827 2908 1017 2994 salutifere,
1036 2908 1156 2994 quippe

149 3015 182 3058 se
219 2994 345 3059 deserta
381 3016 453 3059 oum
484 2994 632 3077 expedita
662 3016 760 3058 manu
790 2996 975 3077 petiturum.
1028 2995 1155 3063 Ultima

147 3083 239 3166 regni
269 3082 318 3146 sni
346 3083 448 3146 adhuc
479 3082 602 3146 intacta
628 3102 711 3166 esse,
743 3083 816 3146 inde
843 3084 928 3148 bello
955 3085 1038 3149 vires
1065 3084 1155 3152 haud

114 3191 243 3254 saegre
265 3172 495 3252 reparaturum.
532 3168 710 3254 Occuparet
732 3191 809 3234 eane
831 3191 946 3254 gazam
966 3172 1156 3238 avidissima

148 3279 228 3342 gens
257 3260 290 3321 et
316 3278 355 3321 ex
380 3258 480 3342 longa
502 3257 587 3323 fame
611 3258 743 3322 satiaret
765 3279 799 3321 se
822 3280 914 3342 auro,
946 3281 1021 3324 mox
1043 3259 1156 3328 futura

147 3345 285 3430 praedae
321 3345 396 3410 sibi:
437 3367 498 3410 usu
533 3345 682 3410 didicisse
714 3345 890 3429 pretiosam
922 3347 1156 3430 supellectilem

152 3435 331 3519 pelicesque
367 3436 400 3498 et
436 3434 614 3517 spadonum
649 3434 779 3518 agmina
812 3432 895 3497 nihil
926 3434 1013 3498 aliud
1042 3435 1156 3521 fuisse,
