2444 3908
212 149 215 154 ·
245 127 496 184 menoanann
514 127 729 183 anamunar
745 127 796 197 nv,
817 133 857 183 14.
879 132 920 185 ιε.
1047 125 1088 190 73

83 275 121 338 ut
146 268 345 358 Massagetas
374 272 496 357 equites
525 272 560 336 in
585 272 712 337 laevum
739 269 914 342 Alexandri
941 290 1040 335 cornu
1066 292 1089 336 a

83 362 182 426 latera
204 361 314 425 invehi
334 360 467 426 iuberet
502 358 576 443 Ipse
599 362 673 424 ante
697 380 730 423 se
746 358 880 423 falcatos
904 379 1014 424 currus
1032 359 1122 425 hae

83 448 192 531 bebat,
225 469 305 533 quos
336 448 429 533 signo
460 447 534 512 dato
564 447 730 512 universos
756 446 792 510 in
818 446 944 511 hostem
968 446 1087 512 effudit.

82 533 235 601 Ruebant
259 535 374 600 laxatis
398 534 533 600 habenis
556 535 698 619 aurigae,
730 555 793 618 quo
815 535 922 616 plures
944 535 1087 600 nondum

83 624 162 688 satis
193 624 321 707 proviso
352 624 474 707 impetu
506 623 695 688 obtererent.
747 621 840 687 Alios
870 642 946 706 ergo
974 622 1123 687 hastaes

82 711 220 774 multum
250 711 336 775 ultra
364 714 527 777 temonem
557 710 744 794 eminentes,
776 709 857 774 alios
884 709 925 773 ab
951 712 1087 793 utroque

82 800 183 863 latere
210 799 365 864 demissae
392 798 492 863 falces
516 799 703 863 laceravere.
747 796 816 862 Neo
843 796 962 862 sensim
984 794 1087 862 Mace-

83 884 182 950 dones
209 886 376 969 cedebant,
409 886 464 950 sed
491 886 590 950 effusa
616 885 695 969 fuga
720 884 929 949 turbaverant
951 884 1087 949 ordines.

82 972 232 1039 Mazaeus
259 994 384 1059 quoque
411 973 564 1057 perculsis
591 976 712 1036 metum
732 972 870 1037 incussit
891 971 977 1035 mille
1000 973 1122 1057 equi-5

81 1061 169 1126 tibus
192 1062 233 1126 ad
255 1061 433 1146 diripienda
453 1061 556 1126 hostis
578 1060 796 1143 inpedimenta
815 1059 1007 1124 circumvehi
1023 1061 1087 1123 ius-

83 1148 143 1232 sis,
170 1152 273 1233 ratus,
300 1149 444 1232 captivos
467 1169 606 1233 quoque,
633 1149 687 1231 qui
710 1147 806 1212 simul
828 1147 1087 1230 adservabantur,

82 1238 232 1318 rupturos
255 1237 392 1320 vincula,
415 1258 487 1300 cum
511 1257 586 1301 suos
608 1235 901 1320 adpropinquantes
922 1234 1087 1301 vidissent.

82 1321 160 1387 Non
185 1323 341 1407 fefellerat
362 1323 620 1405 Parmenionem,
648 1323 704 1406 qui
728 1323 763 1386 in
784 1323 876 1387 laevo
900 1325 983 1387 erat:
1014 1340 1122 1407 pro-o

82 1431 158 1494 pere
175 1411 274 1495 igitur
286 1410 519 1495 Polydamanta
536 1411 646 1494 mittit,
663 1410 719 1494 qui
737 1414 771 1474 et
787 1411 962 1493 periculum
981 1412 1086 1474 osten·

83 1497 172 1562 deret
193 1502 234 1583 et,
256 1499 332 1584 quid
353 1499 424 1564 fieri
445 1499 570 1563 iuberet
589 1517 652 1581 rec,
675 1498 863 1562 consuleret.
894 1496 954 1561 Ille
978 1498 1086 1564 audito
1107 1515 1121 1562 7

81 1584 326 1670 Polydamante,
357 1586 446 1669 ‘Abi‚
477 1585 616 1669 nuntia',
646 1586 766 1669 inquit,
797 1583 1028 1670 Parmenioni,
1060 1587 1087 1651 si

82 1674 150 1737 acie
175 1675 358 1756 vicerimus,
389 1696 456 1739 non
481 1677 593 1739 nostra
619 1674 723 1737 solum
750 1693 809 1736 nos
836 1677 1087 1756 recuperaturos,

83 1759 271 1842 sedetiam,
298 1781 379 1842 quae
405 1761 547 1824 hostium
574 1762 662 1842 sunt,
688 1762 907 1842 occupaturos.
950 1760 1123 1825 Proindes

82 1866 149 1909 non
172 1849 229 1928 est,
253 1847 338 1928 qnod
361 1847 529 1929 quicquam
551 1846 666 1909 virium
690 1846 846 1910 subducat
868 1868 906 1910 ex
925 1848 1000 1930 acie,
1023 1848 1087 1929 sed,

82 1937 120 1997 ut
142 1955 193 1997 me
216 1938 249 1996 et
273 1931 423 2016 Philippo
446 1935 537 2014 patre
565 1932 698 2015 dignum
726 1936 789 2015 est,
816 1936 998 2015 contempto
1022 1954 1086 1997 sar-

82 2021 226 2085 cinarum
251 2020 367 2085 damno
389 2021 516 2084 fortiter
539 2018 687 2084 dimicet?
732 2019 866 2084 Interim
888 2019 1017 2084 barbari
1039 2021 1087 2084 in·
1106 2039 1122 2085 e

81 2108 266 2191 pedimenta
299 2109 508 2175 trnbaverant
537 2106 700 2190 caesisque
730 2109 889 2190 plerisque
921 2108 1088 2172 custodum

82 2196 201 2296 captivi
222 2195 358 2261 vinculis
379 2195 496 2297 ruptis,
519 2194 673 2280 quidquid
696 2196 826 2297 obvium
849 2198 930 2274 erat,
953 2217 1025 2297 q¹t⁰.
1040 2218 1088 2260 ar·

82 2283 1089 2454 ua.diuet.nn¹.¹l.l.2lentshersella
1108 2387 1139 2436 1o

82 2455 624 2629 33.„.„05„„.1,·0.„,..„
646 2455 811 2607 hott
839 2544 935 2607 a.
964 2458 1089 2626 titii

83 2632 201 2696 mentis
224 2637 336 2696 exutos
359 2653 428 2696 esse
450 2594 610 2712 nuntiant,
633 2631 750 2715 quippe
772 2631 905 2694 eandem
925 2630 1088 2695 fortunam

82 2720 201 2804 ubique
228 2741 298 2784 esse
325 2719 497 2783 credebant
524 2722 557 2782 et
577 2718 713 2783 victores
735 2717 851 2782 Persas
875 2719 914 2782 ad
936 2719 1087 2801 praedam

82 2807 278 2871 discurrisse.
314 2805 503 2890 Sisigambis
515 2805 720 2870 hortantibus
734 2806 877 2890 captivis,
895 2809 932 2869 ut
946 2807 1087 2872 animum
1109 2825 1138 2872 11

83 2916 104 2958 a
125 2915 268 2958 maerore
291 2894 464 2977 adlevaret,
495 2894 530 2957 in
558 2894 681 2975 eodem,
713 2916 774 2977 quo
798 2897 893 2958 antea
914 2894 989 2972 fuit,
1016 2918 1087 2978 per-

84 2981 249 3046 severavit.
300 2979 376 3045 Non
408 3003 470 3046 vox
500 2982 567 3046 ulla
595 2982 710 3045 excidit
737 2982 779 3064 ei,
810 3003 877 3045 non
905 2983 968 3046 oris
1001 2985 1088 3048 color

82 3069 230 3134 vultusve
251 3071 395 3132 mutatus
417 3073 478 3134 est:
511 3069 592 3133 sedit
614 3069 777 3134 inmobilis
801 3106 843 3115 —
866 3070 973 3152 oredo,
998 3092 1087 3153 prae-

82 3157 177 3241 coqui
208 3156 324 3241 gaudio
356 3157 458 3221 verita
489 3157 620 3220 inritare
651 3158 814 3221 fortunam
843 3174 901 3241 -‘,
933 3159 1011 3222 adeo
1044 3162 1088 3241 ut,

83 3245 159 3327 quid
187 3246 312 3329 mallet,
339 3245 538 3309 intuentibus
566 3266 636 3309 eam
664 3245 760 3309 fuerit
786 3245 950 3309 incertum.
999 3244 1139 3312 interra

82 3418 196 3482 turmis
219 3442 313 3503 opem
335 3421 562 3504 inpedimentis
584 3421 706 3485 laturus
730 3421 903 3486 advenerat
925 3456 967 3466 -
988 3420 1076 3484 incer

81 3330 161 3394 haec
174 3332 330 3416 Menidas,
348 3333 528 3416 praefectus
541 3334 683 3417 equiturn
693 3333 877 3416 Alexandri,
892 3355 963 3396 cum
978 3334 1088 3415 paucis
1137 3406 1143 3417 ²

82 3508 153 3568 tum
165 3526 275 3571 suone
298 3509 431 3572 consilio
456 3530 498 3572 an
520 3509 605 3592 regis
628 3509 762 3591 imperio
777 3546 819 3555 —
835 3508 890 3572 sed
908 3528 975 3571 non
994 3360 1159 3664 susti*
