2444 3908
130 148 194 210 164
499 145 530 209 Q.
550 144 660 200 CURTI
676 144 764 199 RUFI

92 281 250 360 sGraies
282 289 396 354 deinde
429 289 520 354 avide
557 289 674 354 hausto
710 288 844 353 humore
878 310 944 354 non
976 291 1147 357 sustinere

128 397 230 462 arma,
260 400 326 442 non
354 377 479 460 ingredi
509 380 660 460 poterant
687 381 721 440 et
746 377 905 441 feliciores
932 377 1146 464 videbantur,

128 487 207 551 quos
241 488 325 550 aqua
356 466 528 549 defecerat,
565 485 637 529 cum
671 463 735 548 ipsi
767 465 834 528 sine
865 465 961 531 modo
994 465 1146 532 infusam

93 555 252 622 avomitu
289 557 481 638 cogerentur
516 573 654 636 egerere.
709 551 850 616 Anxium
886 573 997 637 regem
1034 556 1145 622 tantis

128 643 223 706 malis
247 641 433 708 circumfusi
452 641 560 722 amici,
584 642 620 704 ut
642 641 843 704 meminisset
860 641 1012 719 orabant,
1039 644 1145 708 animi

128 731 178 795 sui
205 730 462 815 magnitudinem
489 729 619 793 unicum
644 729 822 792 remedium
850 728 1028 794 deficientis
1053 752 1145 796 exer·

77 839 109 887 10
128 821 210 884 citus
229 840 312 884 csse:
334 840 407 882 curn
426 839 465 881 ex
482 816 544 900 his,
563 815 618 899 qui
634 819 877 898 praecesserant
890 817 930 880 ad
945 816 1143 900 capiendum

127 910 233 972 locum
245 906 380 985 castris,
404 905 466 969 duo
486 908 657 970 occurrunt
674 905 801 968 utribus
821 926 939 988 aquam
959 909 1143 992 gestantes,

127 999 165 1060 ut
191 995 267 1059 filiis
296 995 376 1076 suis,
407 1015 488 1077 quos
520 994 554 1056 in
581 993 693 1058 eodem
721 993 850 1075 agmine
882 1014 951 1056 esse
979 996 1014 1057 et
1042 1016 1143 1082 aegre

78 1102 109 1149 11
128 1084 199 1166 pati
222 1083 310 1146 sitim
332 1102 397 1145 non
418 1082 628 1165 ignorabant,
658 1083 868 1145 occurrerent.
914 1079 974 1156 Qui
999 1103 1079 1147 cum
1109 1085 1144 1151 in

128 1192 237 1254 regem
276 1169 479 1249 incidissent,
516 1169 599 1232 alter
632 1189 670 1233 ex
705 1167 757 1232 his
789 1172 861 1232 utre
891 1169 1041 1234 resoluto
1074 1194 1144 1255 vas,

129 1257 213 1340 quod
233 1257 330 1320 simul
351 1255 488 1338 ferebat,
510 1256 613 1338 inplet
630 1257 800 1340 porrigens
819 1256 896 1340 regi.
927 1255 989 1320 Ille
1009 1259 1144 1344 accipit.

128 1344 352 1428 Percontatus,
379 1343 494 1427 quibus
518 1365 636 1426 aquam
659 1347 842 1426 portarent,
869 1343 946 1407 filiis
973 1343 1061 1409 ferre
1091 1369 1144 1413 co·

78 1451 108 1498 12
129 1432 265 1516 gnoscit.
299 1431 389 1495 Tunc
405 1432 521 1514 poculo
539 1430 645 1514 pleno,
663 1431 747 1495 sicut
760 1432 906 1496 oblatum
921 1436 981 1515 est,
999 1434 1142 1519 reddito,

128 1520 207 1584 ‘Nec
230 1518 340 1602 solus',
362 1519 480 1602 inquit,
504 1517 623 1583 ‘bibere
647 1520 791 1584 sustineo
814 1541 873 1584 nec
895 1523 965 1584 tam
984 1521 1142 1606 exiguum

129 1608 269 1671 dividere
310 1606 460 1671 omnibus
496 1628 638 1689 possum.
697 1606 765 1671 Vos
802 1607 920 1672 currite
954 1610 988 1672 et
1024 1610 1141 1677 liberis

128 1695 258 1778 vestris,
280 1695 366 1780 quod
387 1698 519 1778 propter
540 1695 614 1759 illos
638 1695 814 1778 attulistis,
836 1694 930 1760 date'.

77 1803 109 1850 13
216 1784 359 1848 Tandem
378 1783 419 1847 ad
437 1783 555 1846 flumen
569 1781 674 1847 Oxum
690 1783 760 1866 ipse
779 1784 926 1866 pervenit
942 1783 1053 1866 prima
1071 1785 1181 1852 feretl

128 1893 275 1956 vespera,
306 1872 362 1936 sed
385 1871 542 1935 exercitus
565 1891 684 1954 magna
706 1892 780 1954 pars
803 1892 868 1935 non
892 1875 1044 1954 potuerat
1066 1895 1141 1940 con·

129 1962 228 2044 sequi.
277 1959 317 2022 In
349 1959 435 2024 edito
463 1963 573 2023 monte
600 1959 692 2042 ignes
718 1958 809 2024 iubet
838 1959 920 2043 fieri,
946 1963 984 2024 ut
1011 1960 1052 2043 ii,
1085 1965 1142 2047 qui

129 2068 223 2130 aegre
251 2046 479 2129 sequebantur,
510 2046 596 2110 haud
622 2046 734 2129 procul
761 2048 877 2111 castris
904 2047 993 2130 ipsos
1023 2051 1141 2116 abesse

78 2154 110 2200 14
129 2137 367 2217 cognoscerent.
417 2133 484 2196 Eos
512 2137 634 2216 autem,
662 2134 718 2217 qui
744 2135 839 2217 primi
866 2134 1007 2219 agminis
1036 2143 1141 2222 erant,

129 2225 253 2284 mature
281 2220 353 2284 cibo
382 2241 419 2283 ac
441 2220 571 2302 potione
600 2221 759 2307 firmatos,
785 2222 910 2305 inplere
933 2223 1016 2288 alios
1039 2229 1141 2310 utres,

129 2308 210 2372 alios
239 2329 330 2390 vasa,
357 2306 609 2391 quibuscumque
633 2331 716 2392 aqua
742 2311 867 2391 portari
889 2313 1014 2394 posset,
1042 2313 1142 2379 iussit

78 2415 109 2463 15
130 2417 167 2461 ac
185 2395 252 2461 suis
271 2416 365 2479 opem
384 2394 477 2459 ferre.
514 2393 575 2459 Sed
594 2396 649 2479 qui
666 2397 933 2480 intemperantius
950 2398 1142 2485 hauserant,

128 2484 306 2550 intercluso
329 2483 445 2566 spiritu
468 2482 603 2547 extincti
621 2487 697 2548 sunt
714 2486 880 2569 multoque
899 2486 1003 2552 maior
1021 2487 1142 2554 horum

78 2592 109 2638 1o
128 2594 279 2637 numerus
310 2571 390 2654 fuit,
419 2593 516 2655 quam
543 2572 611 2636 ullo
642 2571 795 2636 amiserat
824 2573 956 2656 proelio.
1002 2574 1050 2641 At
1082 2577 1143 2643 ille

128 2660 293 2724 thoracem
325 2660 429 2723 adhuc
461 2658 593 2723 indutus
624 2680 684 2724 nec
718 2665 774 2725 aut
804 2660 876 2725 cibo
907 2661 1050 2728 refectus
1083 2670 1143 2731 aut

128 2751 221 2829 potu,
256 2754 318 2830 qua
344 2746 495 2810 veniebat
522 2747 694 2832 exercitus,
727 2749 874 2813 constitit
904 2770 964 2814 nec
992 2755 1070 2818 ante
1100 2754 1142 2818 ad

129 2833 305 2897 curandum
337 2854 453 2916 corpus
484 2835 631 2918 recessit,
668 2856 766 2918 quam
796 2837 1046 2923 praeterierant,
1083 2842 1142 2926 qui

130 2941 247 3004 agmen
274 2921 653 3006 coadunatamque
677 2944 748 2987 eam
770 2928 898 2989 noctem
921 2946 994 2989 curn
1017 2948 1142 3014 magno

78 3029 109 3076 ιτ
129 3009 227 3072 animi
254 3011 345 3073 motu
373 3009 537 3092 perpetuis
565 3010 686 3092 vigiliis
715 3012 790 3094 egit.
835 3011 903 3080 Nec
930 3017 1065 3097 postero
1090 3018 1142 3083 die

128 3097 245 3161 laetior
268 3100 350 3180 erat,
373 3097 449 3179 quia
471 3117 531 3160 nec
553 3098 685 3179 navigia
707 3097 849 3163 habebat
868 3121 926 3164 nec
948 3123 1033 3183 pons
1059 3107 1143 3190 erigi

128 3187 271 3267 poterat,
299 3185 418 3248 circum
441 3206 568 3248 amnem
589 3185 675 3250 nudo
697 3187 760 3251 solo
783 3191 816 3251 et
839 3189 975 3252 materia
997 3194 1143 3259 maxime

129 3272 241 3337 sterili
278 3269 457 3337 Consilium
477 3273 589 3356 igitur,
612 3273 697 3357 quod
715 3294 814 3338 unum
832 3276 1009 3343 necessitas
1034 3282 1143 3347 subie-

129 3365 232 3443 cerat,
253 3360 324 3426 init.
369 3357 466 3424 Utres
489 3382 586 3444 quarn
609 3362 766 3444 plurimos
790 3364 976 3429 stramentis
1000 3368 1143 3437 refertos

79 3469 109 3517 18
130 3449 255 3514 dividit.
299 3447 360 3512 His
387 3449 578 3513 incubantes
608 3453 817 3515 transnavere
845 3473 986 3537 amnem,
1019 3459 1143 3544 quique

128 3537 224 3619 primi
252 3538 463 3618 transierant,
490 3537 525 3602 in
553 3537 693 3602 statione
721 3543 827 3623 erant,
860 3539 935 3604 dum
963 3543 1145 3613 traicerent
