2444 3908
73 87 115 150 88
447 87 479 155 Q.
499 88 609 143 CURTI
626 89 713 144 RUFI

40 232 141 300 sleni
163 235 269 295 tractu
293 254 447 316 aquarum
470 232 598 297 Persico
621 235 703 297 mari
726 257 759 298 se
782 238 933 299 insmuat.
977 233 1091 300 Amne

75 323 224 403 superato
248 341 321 384 cum
343 338 418 383 vnn
435 320 565 384 milibus
587 321 730 404 peditum
754 326 786 385 et
808 321 961 406 Agrianis
984 325 1089 406 sagit·

74 407 228 491 tariisque
251 412 280 470 et
297 405 491 473 Graecorum
513 409 805 473 mercennariorum
826 410 930 474 tribus
953 411 1104 475 milibus

75 495 192 558 additis
216 494 377 559 Thracum
399 496 483 560 milla
504 496 539 559 in
561 497 726 580 regionem
748 496 905 562 Uxiorum
927 499 1090 580 pervenit.

73 581 227 645 Finitima
254 581 343 646 Susis
376 586 425 646 est
458 587 490 646 et
517 584 553 646 in
578 585 716 666 primam
743 583 906 649 Persidem
936 587 1090 669 excurrit,

39 689 56 737 4
76 674 181 734 artum
199 671 282 734 inter
301 692 335 735 se
354 674 386 734 et
399 667 553 736 Susianos
572 671 694 735 aditum
712 672 904 756 relinquens.
938 671 1089 738 Medates

75 761 144 821 erat
172 759 313 842 regionis
341 758 533 841 praefectus,
564 758 651 822 haud
674 780 751 823 sane
773 763 954 843 temporum
976 760 1088 843 homo,

40 847 192 928 §quippe
215 846 328 909 ultima
350 868 408 928 pro
431 845 492 909 fide
515 847 650 929 experiri
673 847 862 912 decreverat.
903 846 965 912 Sed
987 850 1088 931 periti

74 935 217 997 locorum
244 933 462 1013 Alexandrum
489 934 619 1018 docent,
651 935 812 1000 occultum
841 935 903 998 iter
929 956 998 999 esse
1025 957 1087 1019 per

75 1022 171 1085 calles
200 1024 232 1083 et
258 1041 403 1084 aversum
427 1021 468 1085 ab
490 1022 582 1086 urbe:
615 1022 641 1086 si
663 1043 783 1105 paucos
806 1022 949 1086 misisset
968 1023 1089 1087 leviter

40 1112 229 1189 sarmatm,
259 1129 354 1190 super
376 1109 482 1190 capita
503 1108 646 1173 hostium
669 1131 829 1174 evasuros.
875 1108 955 1174 (lum
978 1112 1087 1174 consi-

75 1196 153 1258 lium
177 1195 358 1277 placuisset,
380 1195 478 1258 iidem
499 1196 650 1260 itinemm
672 1196 802 1261 fuerunt
824 1197 928 1261 duces
959 1215 987 1260 M
1010 1201 1043 1262 εὴ
1060 1217 1087 1262 1)

75 1282 218 1344 mercede
241 1281 390 1346 conducti
413 1286 445 1345 et
465 1283 602 1365 Agriani
623 1283 689 1347 fere
712 1301 739 1347 u
756 1283 898 1348 Tauroni
919 1286 1087 1367 praefecto

41 1368 147 1436 rdati
181 1389 218 1432 ac
248 1372 323 1451 post
354 1369 431 1433 solis
459 1390 607 1434 occasum
633 1371 694 1434 iter
721 1371 847 1455 ingredi
873 1371 960 1436 iussi.
1009 1371 1087 1455 Ipse

74 1455 170 1519 tertia
199 1456 310 1540 vigilia
339 1457 453 1520 eastris
482 1458 578 1520 motis
606 1458 690 1521 circa
715 1459 796 1522 lucis
824 1462 931 1523 ortum
954 1465 1088 1543 superat

76 1543 242 1626 angustias
269 1564 423 1626 caesaque
446 1544 580 1607 materia
602 1545 743 1609 cratibus
767 1548 800 1609 et
821 1547 938 1630 pluteis
960 1548 1087 1611 faciun-

76 1631 134 1711 dis,
157 1635 202 1713 ut,
221 1631 276 1713 qui
292 1634 397 1695 turres
416 1632 630 1715 admoverent,
649 1635 739 1696 extra
757 1633 813 1696 teli
831 1635 951 1699 iactum
968 1640 1087 1719 essent,

40 1719 187 1788 surbem
216 1719 360 1782 obsidere
388 1720 501 1802 coepit.
544 1717 721 1803 Praerupta
747 1725 839 1785 erant
865 1723 974 1786 omnia
997 1724 1087 1787 saxis

76 1809 109 1869 et
140 1807 264 1871 cotibus
296 1807 448 1891 inpedita.
492 1805 603 1871 Multis
632 1829 708 1892 ergo
740 1810 924 1874 vulneribus
951 1810 1088 1893 depulsi,

76 1897 113 1958 ut
136 1894 250 1977 quibus
272 1916 339 1958 nou
361 1916 434 1959 cum
456 1895 550 1959 hoste
573 1895 691 1979 solum,
719 1897 775 1960 sed
798 1898 894 1960 etiam
918 1918 990 1960 cum
1012 1897 1086 1962 loco

42 2002 58 2050 9
78 1982 293 2047 dimicandum
316 1987 408 2064 esset,
431 1983 583 2046 subibant
604 1986 722 2065 tamen,
745 1985 821 2066 quia
842 2005 898 2046 rex
918 1985 1002 2046 inter
1019 1987 1086 2066 pri-

76 2091 146 2134 mos
179 2071 368 2134 constiterat
392 2071 609 2152 interrogans,
640 2072 690 2132 tot
718 2070 846 2133 urbium
872 2071 1009 2133 victores
1041 2093 1087 2136 an

76 2157 297 2220 erubescerent
331 2155 462 2218 haerere
497 2155 532 2217 in
564 2155 729 2219 obsidione
761 2156 884 2219 castelli
915 2156 1020 2238 exigui
1051 2163 1087 2222 et

75 2241 236 2326 ignobilis,
259 2242 353 2304 simul
371 2240 546 2304 admonens
570 2241 743 2305 Tauronem
762 2263 834 2306 moa
851 2243 1004 2306 auxilium
1022 2264 1087 2310 esse

76 2330 181 2393 lutura
214 2377 221 2391 .
256 2327 345 2391 Inter
362 2328 441 2392 haec
460 2327 584 2392 eminus
603 2328 785 2411 petebatur:
809 2350 903 2413 quem
921 2331 1085 2396 testudine

76 2417 201 2481 obiecta
223 2416 341 2480 milites
368 2452 410 2462 —
436 2418 473 2479 ut
495 2415 670 2500 decederet,
697 2417 871 2500 perpellere
893 2419 1085 2503 nequierant

25 2526 58 2574 10
77 2541 119 2550 -
142 2505 323 2569 tuebantur.
367 2503 512 2567 Tandem
538 2503 668 2569 Tauron
691 2525 786 2587 super
809 2526 914 2569 arcem
937 2507 1025 2570 urbis
1048 2529 1083 2570 se
1096 2511 1137 2574 11

77 2613 149 2656 cum
182 2615 239 2657 suo
273 2593 400 2676 agmine
428 2591 581 2656 ostendit:
618 2592 659 2656 ad
691 2593 780 2657 cuius
812 2597 1018 2677 conspectum
1051 2598 1085 2659 et

76 2680 219 2743 hostium
249 2679 348 2742 animi
378 2680 488 2743 labare
518 2684 550 2742 et
575 2678 764 2746 Macedones
796 2682 900 2746 acrius
925 2681 1084 2765 proelium

25 2789 57 2835 11
76 2767 157 2830 inire
188 2769 368 2850 coeperunt.
413 2766 540 2848 Anceps
568 2768 747 2850 oppidanos
774 2770 893 2833 malum
916 2769 1084 2854 urguebat,

75 2875 135 2917 nec
163 2853 234 2916 sisti
260 2854 307 2916 vis
329 2852 471 2917 hostium
494 2856 629 2936 poterat.
674 2855 788 2919 Paucis
811 2856 852 2918 ad
874 2857 1083 2942 moriendum,

75 2940 220 3025 pluribus
244 2940 284 3003 ad
305 2939 416 3023 fugam
439 2940 564 3004 animus
586 2940 657 3024 fuit,
682 2961 801 3025 magna
823 2963 898 3025 pars
921 2942 956 3004 in
978 2963 1083 3006 arcem

75 3028 242 3094 concessit.
274 3025 353 3090 lnde
374 3045 446 3091 xxx
460 3027 642 3091 oratoribus
665 3029 771 3092 missis
790 3029 831 3093 ad
848 3029 1083 3112 deprecandum

75 3118 168 3181 triste
190 3136 378 3198 responsum
403 3136 422 3178 a
444 3134 519 3198 rege
542 3113 698 3178 redditur:
720 3137 787 3180 non
809 3137 880 3180 esse
904 3117 1014 3180 veniae
1034 3116 1082 3180 lo-

24 3225 57 3273 12
77 3227 158 3269 cum.
192 3202 318 3286 Itaque,
348 3202 579 3284 suppliciomm
602 3223 727 3284 quoque
750 3206 838 3266 metu
859 3204 1012 3285 perculsi,
1042 3204 1084 3269 ad

76 3290 298 3376 Sisigambim,
323 3290 423 3353 Darei
445 3292 593 3372 matrem,
623 3289 747 3354 occulto
770 3289 883 3353 itinere
906 3292 1084 3375 ignotoque

74 3380 224 3445 hostibus
252 3378 397 3455 mittunt,
429 3377 483 3461 qui
508 3381 667 3460 peterent,
700 3379 737 3440 ut
763 3377 835 3459 ipsa
861 3398 969 3461 regem
997 3379 1084 3442 miti·

75 3473 181 3553 garet,
208 3466 293 3531 haud
320 3464 439 3550 ignari,
465 3464 610 3549 parentis
638 3486 709 3528 eam
734 3464 806 3529 loco
835 3464 926 3549 diligi
948 3464 1084 3551 colique.
