2444 3908
158 163 196 220 IV
555 163 762 219 PRAEFATIO.

159 305 260 360 Bernb.
277 311 345 360 1870
358 322 385 375 p.
401 307 461 371 e1):
483 303 612 358 ‘sortasse
630 303 656 357 is
673 320 769 358 verum
788 303 969 371 adsequatur,
993 305 1042 372 qui
1059 304 1164 373 ubique

160 375 265 429 codicis
279 374 366 429 Paris.
381 373 517 428 lectiones
530 373 665 445 praefert:
683 390 762 441 nam,
780 375 813 428 ut
827 374 896 441 quid
910 374 1029 429 sentiam
1043 375 1164 444 ingenue

159 445 298 515 profitear,
313 445 401 500 codex
409 443 496 509 Paris.
510 443 635 498 melioris
648 443 759 514 generis
774 444 896 498 deterius
907 445 1054 514 exemplar,
1069 447 1164 500 arche·

158 519 247 585 typon
260 517 355 570 autem
369 515 450 571 codd
468 514 504 569 Β.
516 515 552 568 F.
563 515 598 570 L.
614 515 645 569 V.
666 513 812 574 deterioris
831 515 941 583 generis
959 515 1059 570 melius
1074 532 1164 569 exem-

157 587 221 655 plar
252 587 463 667 repraesentare
495 584 567 639 mihi
597 583 730 639 ridetur’.
773 583 976 638 Gratulandum
1002 588 1098 640 tamen
1121 588 1166 641 est

157 656 202 709 his
222 654 335 724 studris,
360 656 436 723 quod
453 654 507 710 viri
526 671 650 709 summae
668 654 699 708 in
721 653 858 709 eiusmodi
875 656 958 709 rebus
977 656 1164 723 auctoritatis,

157 726 208 779 Ed.
227 725 453 781 Woelfflinus
473 727 503 780 et
520 725 551 779 A.
570 724 717 793 Rufrius,
735 724 891 780 identidem
909 725 1061 780 monitores
1080 727 1164 780 exsti-

158 798 264 864 terunt,
283 813 319 851 ne
337 794 489 850 immodica
507 797 582 849 esset
600 793 704 849 codicis
718 794 839 849 Parisini
856 797 889 849 ut
901 795 968 849 libri
981 813 1070 865 nuper
1083 797 1164 864 quasi

157 867 262 935 reperti
276 866 434 921 admiratio.
469 865 651 920 Metuendum
665 864 740 920 enim
753 881 820 920 sane
838 867 911 932 erat,
930 864 955 919 si
973 866 1094 920 editores
1120 867 1165 922 illi

157 937 231 991 libro
246 954 276 991 se
285 935 372 990 nimio
383 935 476 990 studio
487 934 668 1004 addixissent,
683 952 718 989 ne
729 938 949 1004 corrumperetur
959 936 1070 1005 saepius
1080 955 1165 1004 quam

158 1007 353 1061 emendaretur
376 1005 407 1070 Q.
435 1004 514 1060 Curti
539 1005 636 1060 oratio.
679 1005 768 1070 Quam
790 1006 965 1060 considerate
989 1006 1020 1060 in
1045 1006 1164 1075 singulis

158 1076 229 1132 locis
248 1074 430 1132 emendandis
448 1075 573 1130 codicem
591 1075 672 1129 illum
691 1091 743 1144 ego
762 1076 952 1143 adhibuerim,
972 1076 1092 1130 aliorum
1110 1078 1165 1131 erit

157 1148 295 1201 iudicare:
309 1164 396 1200 unum
408 1163 466 1200 non
480 1145 578 1200 dubito
592 1145 706 1213 testari,
722 1163 829 1200 summa
841 1146 978 1214 religione
991 1163 1036 1200 me
1051 1164 1165 1216 operam

159 1217 282 1283 dedisse,
301 1219 334 1270 ut
351 1233 386 1270 ne
405 1233 451 1284 ea,
471 1233 556 1283 quam
570 1217 605 1270 de
618 1216 749 1270 universa
761 1215 883 1269 Parisini
896 1216 950 1270 fide
965 1217 1162 1286 concepissem,

159 1287 253 1358 opinio
276 1287 306 1339 in
325 1285 443 1356 singulis
461 1285 532 1339 locis
551 1285 735 1340 discutiendis
757 1301 802 1340 me
825 1287 930 1341 faceret
948 1287 1063 1355 reliquis
1081 1288 1164 1342 bonis

159 1357 302 1412 codicibus
320 1356 495 1424 iniquiorem.

228 1428 330 1482 Restat
346 1430 379 1481 ut
397 1426 432 1480 de
448 1425 642 1481 ‘adnotatione
656 1425 765 1480 critica’
782 1442 854 1494 quae
869 1426 1048 1496 subsequitur
1065 1428 1164 1497 paucis

159 1498 311 1554 absolvam.
343 1497 386 1552 Ne
405 1513 454 1551 eae
473 1495 611 1564 scidulas,
629 1513 685 1550 non
704 1498 763 1550 tam
781 1498 1028 1566 grammaticorum
1047 1498 1164 1553 criticen

159 1567 346 1624 exercentium
369 1583 454 1635 quam
475 1567 616 1620 variorum
637 1567 774 1620 lectorum
791 1567 854 1620 usui
874 1568 1043 1635 destinatae,
1067 1568 1164 1623 inutili

160 1639 311 1706 lectionum
319 1637 461 1706 farragine
471 1638 659 1704 onerarentur,
673 1636 836 1690 manifestas
846 1637 1023 1694 librariorum
1033 1639 1162 1708 ineptias,

157 1706 1164 1849 {intentabantleitilautensilitate

247 1821 253 1845 1
557 1819 564 1844 i

157 1848 334 1904 Hedickiana
351 1847 523 1902 editionibus
541 1847 611 1902 satis
630 1849 788 1902 consultum
805 1864 866 1903 esse
881 1849 1042 1905 arbitratus.
1069 1851 1164 1917 Aqua

158 1920 268 1975 ratione
292 1919 316 1973 si
338 1919 385 1973 hic
407 1918 468 1972 illic
491 1917 620 1985 discessi,
648 1918 750 1972 antid
772 1919 842 1972 mihi
862 1921 1004 1988 volebam,
1032 1922 1065 1974 ut
1087 1924 1164 1975 certa

158 1991 322 2045 mendorum
340 2005 443 2059 genera
461 1989 589 2043 codicum
603 1987 798 2043 Curtianorum
811 1990 931 2044 maxime
944 1990 1058 2058 propria
1072 2006 1162 2044 exem-

158 2060 214 2129 plis
237 2061 378 2126 notarem,
402 2060 452 2112 aut
475 2060 640 2112 dubitabam
663 2059 697 2112 de
715 2058 876 2127 propositae
895 2058 1098 2113 emendationis
1117 2061 1163 2115 vel

158 2129 328 2184 necessitate
346 2128 391 2182 vel
404 2128 615 2198 probabilitate.
643 2127 832 2181 Librariorum
850 2128 881 2181 in
898 2129 1056 2198 regionum,
1074 2146 1162 2199 popu·

158 2200 257 2266 lorum,
270 2199 415 2252 hominum
427 2198 587 2252 nominibus
601 2196 802 2251 hariolaticnes
815 2214 929 2266 perraro
940 2200 1058 2270 exempli
1069 2201 1164 2270 gratia

159 2267 300 2324 adnotavi.
341 2269 380 2322 Ut
404 2268 446 2322 ita
467 2285 512 2322 me
534 2267 717 2335 continerem,
740 2284 797 2321 non
819 2269 902 2322 modo
926 2270 1017 2338 operis
1040 2272 1163 2340 suscepti

158 2339 232 2394 ratio
259 2356 354 2393 verum
378 2356 411 2393 ea
433 2355 543 2406 quoque
565 2336 666 2406 religio
688 2354 733 2392 me
754 2337 855 2406 morit,
879 2355 914 2394 ne
936 2339 967 2393 in
988 2340 1161 2409 Hedickii,

158 2409 212 2463 viri
235 2408 404 2477 doctissimi,
431 2409 557 2478 collegae
580 2407 728 2474 carissimi,
751 2425 870 2462 messem
888 2409 1026 2480 inrupisse
1044 2412 1161 2468 viderer.

160 2480 212 2536 Cui
225 2497 257 2534 eo
276 2480 368 2534 minus
388 2478 483 2533 decuit
500 2479 653 2547 quidquam
666 2495 710 2531 me
724 2478 797 2533 16116
812 2479 972 2548 subducere,
992 2499 1046 2549 quo
1061 2483 1161 2551 magis,

159 2550 296 2620 quidquid
316 2550 350 2604 de
369 2549 538 2619 optimorum
555 2548 691 2601 librorum
714 2547 882 2603 lectionibus
900 2550 1044 2620 cognitum
1061 2553 1161 2621 habeo,

158 2621 202 2675 illi
220 2621 397 2690 potissimum
414 2621 556 2688 receptum
573 2618 672 2673 refero.
699 2617 773 2672 Nam
791 2637 862 2687 quae
881 2620 931 2674 alii
944 2622 1071 2678 homines
1085 2623 1163 2677 docti

158 2693 224 2761 post
244 2690 378 2744 Hedichii
400 2689 552 2744 editionem
574 2706 599 2744 a.
624 2695 692 2743 1867
716 2688 845 2743 emissam
869 2707 884 2745 6
907 2690 996 2746 Curtii
1019 2693 1162 2748 codicibus

158 2762 204 2815 rel
221 2760 332 2816 veriora
349 2760 394 2814 vel
412 2775 486 2814 nova
503 2759 680 2830 protulerunt
698 2759 739 2827 (A.
758 2759 843 2830 Hug,
868 2765 987 2829 quaestt.
1008 2763 1082 2818 Curt.
1101 2763 1130 2818 P.
1150 2766 1163 2818 Ι

160 2838 241 2896 18701
267 2831 367 2884 Philol.
386 2830 482 2885 XXXI.
502 2837 531 2897 23
557 2830 641 2884 index
658 2829 756 2900 philol.
775 2831 808 2885 Π,
827 2838 944 2900 46061111.
963 2833 1009 2887 ΙΠ.
1030 2841 1161 2901 17661111

158 2900 289 2955 Bursiani
303 2900 395 2956 annal.
416 2904 484 2955 1873
498 2919 524 2969 p.
539 2907 591 2955 499
606 2901 671 2966 6161
689 2901 721 2954 Α.
736 2901 895 2969 Eussner,
915 2919 987 2971 spec.
1003 2903 1062 2958 crit.
1080 2909 1162 2971 18683

158 2971 259 3026 Philol.
279 2971 388 3025 XXXII.
410 2978 459 3026 166
470 2989 546 3039 sqq.;
568 2971 605 3026 M.
624 2971 715 3040 Ring
734 2972 768 3025 de
788 2972 876 3026 Curtii
894 2974 974 3027 codd.
993 2973 1162 3043 Hungaricis

160 3048 241 3107 18733
261 3040 546 3096 (1611611166
566 3040 655 3096 Curtii
672 3041 767 3095 codice
787 3042 1048 3114 0166166611874),
1071 3061 1162 3111 neque

158 3111 201 3166 ita
218 3111 308 3165 multa
326 3114 406 3166 eraut
422 3129 513 3180 neque
528 3112 564 3165 ad
577 3129 669 3166 meum
683 3130 763 3165 usum
776 3113 873 3182 magni
885 3114 1020 3166 momenti
1056 3113 1163 3178 Quodsi

158 3181 232 3236 infra
254 3181 364 3249 aliquot
384 3182 454 3236 locis
473 3182 558 3236 aliam
581 3185 665 3251 atque
683 3181 836 3236 Hedickius
858 3182 888 3235 in
907 3183 1030 3238 editione
1049 3200 1099 3238 sua
1117 3200 1162 3239 66-

159 3252 253 3306 dicum
271 3252 437 3322 scripturam
456 3252 605 3320 exhibebo,
623 3255 689 3322 petc
707 3268 742 3306 ne
761 3254 865 3307 temere
879 3254 932 3307 hoc
945 3252 1069 3308 incuriae
1082 3271 1163 3312 meac

159 3322 326 3402 imputetur:
345 3323 481 3377 nonnulla
500 3323 574 3377 enim
592 3339 665 3392 nora
683 3322 714 3376 in
727 3321 918 3391 disputatione
932 3339 956 3377 a.
972 3330 1041 3379 1876
1054 3324 1163 3393 publici

158 3392 228 3446 iuris
246 3394 321 3447 facta
337 3394 457 3463 protulit
473 3393 523 3448 1116
536 3393 579 3447 vir
593 3392 783 3460 doctissimus,
803 3393 860 3446 alia
873 3393 948 3447 idem
961 3394 1163 3452 humanissime

177 3463 289 3517 rivatim
303 3481 412 3518 mecum
426 3463 653 3531 communicavit,
671 3465 818 3533 praeterea
831 3463 922 3518 denuo
936 3481 1050 3519 excusso
1065 3466 1162 3523 codice

157 3481 292 3588 1161116661
310 3534 342 3589 Α.
362 3534 470 3604 Hugius
490 3535 524 3589 de
544 3534 654 3602 aliquot
670 3533 741 3588 locis
760 3533 933 3588 accuratiora
951 3535 1056 3592 docuit.

78 3596 107 3664 Ι
216 3604 248 3654 Ε
260 3621 368 3671 magna
387 3605 470 3674 copia
488 3604 728 3674 emendationum,
752 3621 823 3672 quae
847 3621 910 3658 cum
928 3609 1012 3661 antea
1034 3609 1094 3662 tum
1115 3609 1163 3664 his
