2444 3908
277 57 530 114 HISTORIARUM
548 58 762 113 ALEXANDRI
779 58 857 125 VIII,
878 64 919 113 12.
941 63 981 113 13.
1065 55 1130 118 219

127 201 283 283 fluminis,
305 202 391 285 quod
412 202 642 266 manseundum
665 205 747 282 erat,
768 201 958 287 magnitudo
980 199 1131 264 terrebat

126 307 181 353 1111
206 290 240 352 in
267 289 471 353 latitudinem
502 289 607 355 stadia
633 289 767 353 diffusus
794 288 952 373 profundo
981 288 1071 353 alveo
1100 290 1132 352 et
1194 353 1197 359 ,

126 398 286 547 w
309 375 1166 549 Jssttstffitttttffitntttttt2

126 552 309 633 coercebat,
332 553 388 616 sed
411 554 502 635 quasi
520 554 553 617 in
572 557 678 617 artum
697 553 886 617 coeuntibus
907 551 987 634 ripis
1005 485 1131 614 tiirrens

128 642 161 704 et
192 639 290 703 elisus
321 639 498 724 ferebatur,
530 641 718 725 occultaque
751 662 828 704 saxa
854 639 959 703 inesse
986 637 1132 702 ostende·

126 726 209 791 bant
238 727 386 810 pluribus
426 728 507 794 locis
539 729 643 794 undae
674 748 887 812 repercussae.
940 725 1130 790 Terribilior
1151 737 1184 786 10

125 814 225 879 facies
239 819 309 879 erat
321 816 421 900 ripae,
438 837 536 900 quam
554 818 628 900 equi
646 817 769 900 virique
789 815 1024 898 conpleverant
1061 811 1130 876 Sta-

126 903 208 967 bant
241 903 392 987 ingentes
423 909 588 969 vastorum
619 925 787 989 corporum
819 904 920 968 moles
952 905 985 966 et
1016 901 1054 965 de
1085 900 1132 964 in-

127 991 251 1056 dustria
281 991 434 1056 inritatae
465 992 624 1058 horrendo
657 991 793 1057 stridore
821 1012 914 1055 aures
941 988 1131 1072 fatigabant.

126 1077 213 1142 Hinc
240 1079 358 1163 amnis,
384 1079 462 1145 hinc
488 1080 593 1146 hostis
623 1079 754 1164 capacia
780 1079 909 1162 quidem
935 1077 1039 1143 bonae
1062 1075 1132 1159 spei
1151 1088 1180 1136 11

127 1170 262 1250 pectora
288 1171 322 1231 et
348 1189 445 1252 saepe
473 1190 507 1234 se
530 1171 661 1252 experta
686 1168 849 1252 inproviso
877 1170 986 1231 tamen
1012 1185 1131 1251 pavore

127 1275 277 1338 percusse
298 1260 382 1320 rant
426 1255 550 1340 Quippe
577 1256 743 1321 instabiles
765 1259 853 1320 rates
880 1276 940 1320 nec
967 1253 1062 1337 dirigi
1092 1252 1131 1316 ad

148 1343 154 1355 ¹
522 1346 528 1358 ·
589 1345 595 1359 ·
1101 1341 1107 1354 ·
1168 1351 1183 1381 o

127 1364 234 1495 nina
257 1344 721 1516 arremarenses
738 1344 960 1517 gasitan
973 1341 1132 1494 lissi.
1152 1352 1183 1400 ¹·

128 1518 226 1585 dones
252 1523 368 1584 nantes
395 1520 511 1584 levatis
543 1542 639 1604 super
670 1520 777 1603 capita
809 1519 907 1583 armis
938 1517 1132 1582 transibant

127 1605 181 1671 Ibi
203 1608 288 1673 levia
310 1608 434 1691 proelia
454 1609 702 1673 conserebantur
724 1611 757 1670 et
778 1610 913 1691 uterque
936 1626 992 1668 rex
1014 1624 1133 1686 parvae

127 1696 176 1758 rei
194 1695 377 1760 discrimine
396 1716 540 1760 summae
554 1695 777 1779 experiebatur
792 1697 950 1758 eventum.
982 1690 1132 1757 Ceterum
1153 1703 1184 1750 1³

128 1784 163 1846 in
188 1782 397 1848 Macedonum
429 1784 570 1848 exercitu
597 1783 778 1848 temeritate
806 1784 902 1864 atquo
931 1779 1065 1844 audacia
1087 1778 1134 1841 in-

129 1871 237 1955 signes
264 1871 352 1936 fuere
380 1870 592 1955 Symmachus
619 1875 652 1937 et
673 1870 829 1954 Nicanor,
855 1869 980 1935 nobiles
1003 1869 1133 1931 iuvenes

129 1962 162 2023 et
191 1963 348 2042 perpetua
378 1960 520 2046 partium
546 1959 703 2024 felicitate
731 1958 771 2024 ad
799 1956 1013 2042 spernendum
1040 1975 1133 2020 omno

127 2049 304 2130 periculum
321 2050 455 2113 accensi.
492 2048 571 2124 Quis
588 2048 721 2112 ducibus
734 2046 970 2131 promptissimi
983 2045 1133 2109 iuvenum
1154 2054 1186 2102 14

128 2135 248 2200 lanceis
278 2135 373 2202 modo
406 2138 523 2202 armati
554 2140 764 2202 transnavere
790 2137 824 2200 in
851 2134 1005 2216 insulam,
1038 2152 1133 2216 quam

127 2223 278 2307 frequens
300 2223 404 2288 hostis
427 2226 573 2308 tenebat,
594 2225 778 2309 multosque
800 2222 964 2304 Indorum,
986 2221 1076 2285 nulla
1099 2240 1133 2282 re

128 2309 244 2375 melius
280 2331 376 2393 quam
411 2313 545 2379 audacia
576 2313 705 2396 armati,
740 2313 981 2376 interemerunt.
1034 2308 1133 2372 Abire
1155 2320 1185 2369 lo

128 2418 201 2461 cum
228 2398 333 2481 gloria
360 2404 523 2481 poterant,
556 2401 584 2464 si
611 2421 764 2483 umquam
791 2398 957 2461 temeritas
984 2395 1061 2458 felix
1086 2397 1133 2458 in·

129 2485 256 2551 veniret
282 2484 426 2549 modum:
458 2486 513 2550 sed
541 2487 617 2550 dum
640 2484 900 2568 supervenientes
923 2483 1135 2565 contemptim-

128 2581 162 2638 et
184 2573 321 2657 superbe
345 2593 470 2656 quoquo
494 2576 675 2654 expectant,
702 2572 911 2636 circumventi
933 2571 974 2634 ab
997 2571 1051 2654 iis,
1080 2571 1134 2654 qui

128 2661 246 2726 occulti
269 2664 453 2744 enaverant,
477 2662 600 2724 eminus
624 2661 733 2724 obruti
755 2659 831 2723 telis
854 2661 936 2724 sunt
979 2658 1039 2735 oui
1058 2659 1133 2722 effu·
1155 2673 1186 2722 lo

130 2753 244 2833 gerant
267 2747 409 2830 hostem,
432 2752 489 2812 aut
510 2749 633 2831 impetu
657 2747 760 2812 amnis
779 2747 881 2812 ablati
900 2750 976 2810 sunt
994 2751 1050 2811 sut
1067 2769 1134 2812 vcr-

77 2839 120 2904 46
129 2836 248 2899 ticibus
271 2835 420 2917 inpliciti.
465 2834 577 2920 anue
598 2857 707 2920 pugna
727 2838 865 2900 multum
887 2834 962 2901 Pori
985 2835 1134 2900 fiduciam

131 2924 231 2987 erexit
258 2926 373 2986 cuncta
397 2925 556 2988 cernentis
581 2947 597 2988 e
620 2925 699 3008 ripa.
740 2923 923 2988 Alexander
945 2925 1037 3007 inops
1061 2936 1185 2990 con-17

130 3012 197 3077 silii
224 3010 354 3076 tandem
386 3010 426 3074 ad
454 3012 628 3077 fallendum
660 3012 787 3077 hostem
817 3013 918 3084 talem
946 3010 1056 3076 dolum
1087 3012 1153 3101 ing
1182 3076 1188 3089 ,

129 3099 242 3165 tendit.
286 3098 369 3164 Erat
400 3100 506 3164 insula
536 3101 726 3164 influmine
754 3100 891 3183 amplior
918 3100 1047 3184 ceteris,

129 3189 245 3252 vestris
277 3188 387 3252 eadem
415 3191 448 3251 et
470 3188 616 3271 tegendis
645 3187 770 3252 insidiis
799 3192 884 3270 apta.
932 3185 1035 3253 Fossa

130 3295 190 3357 que
221 3278 366 3359 praealta
397 3276 484 3339 haud
515 3278 626 3358 procul
656 3276 740 3360 ripa,
773 3299 869 3360 quam
896 3090 1189 3515 ῐοιοῦιξῆ

1044 3448 1082 3467 ·“
1152 3462 1167 3515 r

128 3382 195 3426 non
215 3363 340 3446 pedites
359 3364 468 3447 modo,
492 3363 545 3428 sed
570 3364 666 3428 ctiam
688 3385 760 3428 cum
784 3365 873 3447 equis
896 3363 984 3428 viros
1065 3366 1069 3377 '
1142 3384 1145 3391 ·

129 3449 331 3516 abscondere.
375 3452 480 3538 Igitur
502 3455 538 3515 ut
561 3474 581 3516 a
602 3452 748 3517 custodia
766 3451 860 3515 huius
880 3446 1134 3533 opportunam

941 3886 1033 3903 ..n—¹·-
