2444 3908
242 132 496 188 HISTORIARUM
515 133 728 188 ALEXANDRI
745 133 832 203 VIIII,
852 140 876 188 θ.
897 141 921 188 7.
1021 133 1087 196 245

81 278 175 343 hoste
188 276 400 361 interemptos
414 276 636 342 numerabitis.
664 274 823 360 Ceterum,
843 276 995 361 quoniam
1009 278 1088 342 olim
1107 289 1140 338 ao

80 365 127 429 rei
160 365 302 450 agitatae
331 367 366 429 in
394 366 501 429 animo
529 386 601 429 meo
629 386 713 429 nunc
739 365 934 448 promendae
962 365 1088 430 occasio

81 453 192 518 oblata
223 457 286 534 est,
322 453 404 517 mihi
440 453 599 517 maximus
635 453 841 517 laboruma
821 455 917 536 atque
955 475 1089 537 operum

81 562 226 605 meorum
249 540 312 605 erit
298 541 421 605 ttfruc
406 544 468 624 t‚us
491 563 519 605 s1
509 539 704 624 Olympias
728 545 832 605 mater
850 540 1090 607 immortalitati

81 633 299 712 consecretur,
336 629 526 713 quandoque
562 628 734 694 excesserit
764 628 842 692 vita
887 625 922 692 Si
953 629 1090 714 licuerit

80 718 151 799 ipse
182 721 291 800 praest
277 717 354 781 tabo
386 716 462 781 hoc:
504 717 532 780 si
566 739 618 782 me
651 716 852 800 praeceperit
883 717 1000 800 fatum,
1032 739 1089 782 vos

81 804 251 869 mandasse
282 825 330 869 mc
361 803 575 869 mementote?
626 804 674 869 Ac
705 808 775 867 tum
808 803 936 906 quidem
970 804 1090 869 amicos

81 892 220 957 dimisit.
242 895 293 958 cet
294 914 384 957 erum
400 913 464 977 per
486 894 654 976 conplures
676 892 743 957 dies
762 892 809 957 ibi
828 891 949 957 stativa
967 892 1090 957 habuit.

471 1064 473 1069 ⁴
502 1048 580 1115 One.
603 1049 677 1116 VII.

27 1157 70 1223 27
170 1154 260 1221 Haec
277 1157 353 1220 dum
372 1156 408 1220 in
424 1155 517 1220 India
536 1159 701 1240 geruntur,
720 1155 833 1220 Graeci
851 1156 974 1220 milites
989 1178 1091 1238 nuper
1111 1167 1124 1214 1

81 1244 117 1308 in
136 1243 278 1309 colonias
298 1267 317 1308 a
334 1265 411 1329 rege
430 1243 560 1309 deducti
579 1244 664 1308 circa
680 1243 800 1309 Bactra
818 1248 890 1309 orta
903 1244 988 1309 inter
1001 1244 1091 1328 ipsos

83 1332 241 1397 seditione
259 1331 450 1416 defecerant,
471 1335 623 1397 nontam
640 1331 824 1397 Alexandro
843 1332 970 1414 infensi,
995 1354 1091 1416 quam

83 1424 172 1485 metu
190 1420 348 1503 supplicii.
388 1418 513 1503 Quippe
532 1418 646 1485 occisis
666 1420 858 1504 quibusdam
876 1421 1091 1504 popularium,
1110 1430 1126 1477 2

83 1509 139 1592 qui
178 1509 351 1574 validiores
395 1513 501 1590 erant,
537 1529 628 1572 arma
668 1512 813 1592 spectare
854 1511 1028 1591 coeperunt
1061 1513 1093 1574 et

82 1597 258 1661 Bactriana
281 1618 362 1677 arce,
385 1618 466 1679 quae
487 1617 564 1660 casu
580 1595 808 1678 neglegentius
827 1597 996 1661 adservata
1014 1599 1093 1679 erat,

84 1688 240 1766 occupata
271 1685 427 1748 barbaros
460 1703 585 1767 quoque
617 1683 652 1746 in
683 1684 873 1747 societatem
903 1684 1092 1748 defectionis

83 1772 275 1854 inpulerant.
320 1772 548 1835 Athenodorus
586 1773 656 1834 erat
691 1771 840 1854 princeps
878 1792 1002 1855 eorum,
1038 1773 1129 1855 quis

83 1859 171 1942 regis
204 1879 330 1942 quoque
361 1880 480 1922 nomen
512 1858 746 1942 adsumpserat,
776 1879 842 1922 non
868 1862 936 1922 tam
964 1859 1094 1942 imperii

84 1947 233 2030 cupidine
266 1969 362 2030 quam
394 1947 428 2010 in
458 1945 600 2029 patriam
634 1946 817 2010 revertendi
848 1967 921 2011 cum
952 1946 1007 2029 iis,
1039 1947 1094 2030 qui

85 2035 313 2099 auctoritatem
337 2034 439 2116 ipsius
463 2034 687 2118 sequebantur.
731 2033 816 2099 Huic
837 2032 939 2099 Biton
962 2034 1131 2118 quidam4

83 2123 226 2188 nationis
255 2123 412 2205 eiusdem,
442 2123 497 2187 sed
521 2123 562 2186 ob
587 2121 835 2186 aemulationem
858 2122 995 2187 infestus
1020 2144 1093 2187 con-

83 2211 212 2296 paravit
242 2210 377 2275 insidias
409 2211 646 2294 invitatumque
675 2211 716 2274 ad
743 2211 854 2293 epulas
881 2232 939 2295 per
965 2211 1093 2275 Boxum

85 2299 242 2385 quendam
264 2300 469 2383 Margianam
491 2300 526 2363 in
549 2298 695 2364 convivio
719 2299 845 2364 occidit.
885 2298 1019 2363 Postero
1040 2299 1129 2363 dies

85 2388 234 2453 contione
263 2388 419 2452 advocata
443 2387 518 2452 Bito
541 2387 628 2452 ultro
651 2387 840 2450 insidiatum
863 2386 926 2450 sibi
948 2386 1092 2450 Atheno-

86 2475 200 2541 dorum
227 2474 387 2559 plerisque
414 2477 632 2558 persuaserat:
664 2474 720 2538 sed
748 2474 821 2538 aliis
850 2477 999 2556 suspecta
1024 2478 1094 2539 erat

84 2563 174 2629 fraus
205 2561 334 2626 Bitonis
366 2565 399 2626 et
429 2561 587 2644 paulatim
618 2562 653 2626 in
685 2560 794 2643 plures
827 2560 933 2644 coepit
961 2582 1093 2627 manare

86 2650 234 2735 suspicio.
274 2649 387 2733 Itaque
408 2647 523 2716 Graeci
547 2649 667 2713 milites
690 2670 782 2712 arma
804 2647 935 2732 capiunt
957 2649 1094 2714 occisuri
1113 2660 1128 2709 c

85 2740 249 2822 Bitonem,
273 2737 301 2801 si
323 2737 455 2802 daretur
477 2736 615 2802 occasio:
638 2739 779 2801 ceterum
801 2736 961 2821 principes
982 2758 1094 2802 eorum

84 2827 168 2891 iram
195 2825 411 2890 multitudinis
438 2825 676 2909 mitigaverunt
723 2823 857 2890 Praeter
883 2844 975 2910 spem
1001 2835 1128 2893 suam?

85 2914 187 2978 Biton
212 2913 373 2996 praesenti
401 2913 544 2996 periculo
572 2915 701 2996 ereptus
726 2913 825 3015 paulo
851 2916 929 2997 post
948 2916 996 2981 acl
1013 2913 1094 2981 insi-

85 3003 193 3066 diatus
222 3001 407 3066 auctoribus
436 3000 550 3066 salutis
572 3022 663 3066 suae:
695 3000 785 3067 cuius
806 3000 883 3067 dolo
905 3000 1036 3089 cognito
1057 3004 1094 3067 'et

84 3091 192 3173 ipsum
224 3089 523 3176 conprehenderunt
549 3091 584 3154 et
607 3086 744 3154 Boxum
788 3084 942 3157 (letarum
964 3088 1127 3155 Boxums

84 3179 234 3262 protinus
252 3177 375 3260 placuit
391 3177 539 3261 interfici,
556 3174 710 3243 Bitonem
727 3174 828 3243 etiam
842 3176 1057 3265 pammatii

84 3265 201 3332 necari.
241 3263 375 3349 Iamque
396 3265 523 3350 corpori
544 3267 709 3332 tormenta
729 3262 999 3347 amovemur,
1022 3288 1036 3327 ι·

86 3352 269 3418 Graeci—
298 3354 456 3419 incertum
493 3354 535 3419 ob
567 3366 665 3438 quam
696 3372 897 3419 causam-
848 3350 1036 3435 *lymph

85 3441 208 3507 similes
227 3442 267 3507 ad
286 3464 377 3507 arma
396 3442 589 3507 discurrunt.
620 3438 764 3517 Quorum
780 3438 914 3505 fremitu
932 3438 1043 3502 exaurl:

85 3529 143 3616 qui
169 3531 321 3614 torquere
345 3529 530 3595 Bitonem
519 3528 602 3596 lassi
623 3532 729 3615 erant,
758 3528 937 3592 omiserev
939 3526 1024 3591 erili.
