2444 3908
132 155 201 218 254
508 155 540 220 Q.
560 155 670 210 OURTI
687 156 773 210 RUFI

130 303 169 363 ut
194 298 411 362 validissimas
437 298 571 363 navium
598 299 789 364 deducerent
814 299 849 362 in
875 297 1039 363 Oceanum
1068 319 1150 382 pro-

131 388 310 471 gressique,
338 386 444 469 quoad
470 390 543 452 tuto
566 392 712 470 possent,
739 389 889 451 naturam
913 387 1011 450 maris
1031 407 1149 452 nosce·

130 480 215 539 rent:
239 475 291 539 vel
314 475 427 539 eodem
450 497 543 538 amne
566 476 618 539 vel
640 475 809 559 Euphrate
832 476 941 540 subire
961 495 1016 539 eos
1035 495 1149 558 posse,

131 584 203 628 cum
226 563 345 626 reverti
369 563 409 626 ad
433 584 467 627 se
489 563 619 627 vellent.

95 665 113 711 4
219 651 351 735 Iamque
378 651 529 735 mitigata
551 651 656 735 hieme
680 655 713 716 et
733 651 880 733 navibus,
904 671 986 734 quae
1009 650 1147 714 inutiles
1157 657 1196 722 39

96 752 111 800 5
131 738 337 822 videbantur,
360 739 511 804 crematis
538 742 626 803 terra
650 739 786 803 ducebat
809 738 1004 803 exercitum„
1036 735 1147 804 Nonis

131 828 245 892 castris
268 829 303 892 iu
325 828 491 911 regionem
513 828 688 911 Arabiton,
714 827 787 891 inde
809 826 946 891 totidem
970 824 1085 890 diebus
1111 827 1146 890 in

131 913 357 980 Cedrosiorum
384 919 573 999 perventum
601 918 659 979 est.
703 915 801 979 Liber
826 914 880 978 hic
904 914 1044 997 populus
1068 934 1145 978 con·

131 1004 205 1069 cilio
234 1003 346 1068 habito
377 1004 498 1068 dedidit
521 1025 554 1068 se
581 1024 641 1068 nec
669 1004 839 1088 quicquam
867 1001 984 1066 deditis
1012 1004 1146 1084 praeter

96 1107 111 1153 6
130 1095 329 1156 commeatus
355 1092 549 1175 imperatum
577 1097 635 1156 est.
676 1090 796 1167 Quinto
819 1091 895 1154 hinc
918 1089 968 1154 die
987 1090 1078 1155 venit
1102 1090 1145 1153 ad

130 1179 263 1243 flumen:
293 1179 440 1244 Arabum
466 1180 590 1244 incolae
619 1180 791 1266 appellant.
831 1178 934 1263 Regio
959 1178 1086 1241 deserta
1111 1181 1145 1241 et

131 1289 286 1349 aquarum
306 1268 400 1350 inops
419 1268 547 1349 excipit.
585 1267 688 1343 Quam
707 1288 854 1332 emensus
873 1267 907 1328 in
926 1265 1035 1330 Oritas
1055 1269 1144 1329 tran·

131 1355 186 1418 sit:
214 1355 261 1417 ibi
284 1355 440 1418 maiorem
461 1355 619 1419 exercitus
639 1359 764 1438 partem
782 1354 1018 1438 Hephaestioni
1041 1353 1143 1417 tradi·

131 1441 192 1524 dit,
224 1442 327 1506 levem
360 1447 556 1506 armaturam
590 1464 663 1506 cum
694 1444 879 1509 Ptolemaeo
910 1441 1143 1525 Leonnatoque

97 1545 111 1592 7
130 1529 271 1613 partitus
299 1534 357 1594 est.
402 1530 480 1594 Tria
505 1531 601 1595 simul
625 1532 757 1615 agmina
779 1531 1020 1614 populabantur
1042 1529 1142 1594 Indos

130 1639 331 1702 magnaeque
348 1618 487 1702 praedae
505 1621 597 1684 actae
616 1623 704 1684 sunt:
724 1621 905 1683 maritimos
924 1619 1143 1700 Ptolemaeus,

130 1710 254 1771 ceteros
280 1709 348 1790 ipse
376 1730 432 1772 rex
460 1710 494 1771 et
517 1708 558 1771 ab
582 1708 646 1772 alia
668 1714 761 1791 parte
784 1706 971 1772 Leonnatus
994 1706 1143 1770 urebant

129 1794 169 1860 In
185 1795 247 1861 hac
266 1817 392 1880 quoque
412 1797 545 1880 regione
563 1797 675 1860 urbem
694 1796 838 1861 condidit
856 1793 1045 1878 deductique
1065 1798 1144 1858 sunt

129 1883 165 1948 in
188 1906 259 1948 eam
281 1884 463 1949 Arachosii.
620 1956 623 1960 .

94 1985 110 2034 8
217 1972 303 2036 Hinc
325 1973 472 2055 pervenit
494 1972 535 2036 ad
553 1972 733 2036 maritimos
751 1970 857 2037 Indos.
894 1971 1065 2036 Desertam
1085 1992 1141 2034 va·
1151 1979 1194 2043 40

131 2063 278 2144 stamque
310 2061 475 2144 regionem
509 2060 576 2124 late
607 2064 719 2125 tenent
751 2081 788 2123 aa
818 2081 859 2124 ne
891 2080 963 2124 cum
992 2059 1142 2123 finitimis

95 2149 260 2231 equidem
282 2149 348 2212 ullo
372 2149 556 2212 commercii
578 2149 647 2212 iure
669 2150 853 2212 miscentur.
898 2147 975 2230 Ipsa
997 2147 1141 2211 solitudo

129 2240 246 2300 natura
278 2257 403 2319 quoque
435 2235 577 2299 immitia
605 2237 749 2300 efferavit
776 2235 922 2319 ingenia:
954 2234 1143 2319 prominent

129 2345 254 2410 ungues
283 2344 461 2407 numquam
488 2322 594 2405 recisi,
627 2345 735 2388 comae
762 2323 906 2388 hirsutae
930 2327 963 2388 et
989 2324 1141 2388 intonsae

80 2426 111 2474 10
130 2417 214 2476 sunt.
259 2411 404 2496 Tuguria
430 2411 561 2476 conchis
588 2415 621 2476 et
647 2413 761 2476 ceteris
790 2412 1012 2497 purgamentis
1039 2412 1141 2475 maris

129 2500 301 2567 instruunt.
337 2499 491 2565 Ferarum
514 2500 653 2583 pellibus
672 2501 750 2565 tecti
767 2501 909 2582 piscibus
928 2502 995 2564 sole
1013 2499 1141 2564 duratis

129 2593 162 2653 et
189 2591 348 2654 maiorum
385 2610 511 2673 quoque
547 2588 729 2671 beluarum,
765 2610 843 2670 quas
880 2588 997 2652 fluctus
1034 2586 1141 2670 eiecit,

78 2692 110 2739 11
129 2699 224 2743 carne
250 2681 430 2741 vescuntur.
476 2674 683 2759 Consumptis
715 2677 816 2760 igitur
846 2676 1007 2740 alimentis
1034 2674 1141 2739 Mace·

129 2765 228 2830 dones
251 2766 356 2848 primo
377 2764 531 2848 inopiam,
554 2764 667 2828 deinde
691 2765 731 2828 ad
753 2764 903 2830 ultimum
925 2765 1046 2829 famem
1068 2784 1140 2827 sen·

127 2854 189 2917 tire
212 2856 399 2936 coeperunt,
426 2852 549 2916 radices
576 2853 758 2935 palmarum
783 2888 822 2899 -
846 2875 985 2938 namque
1008 2852 1078 2917 sola
1100 2873 1141 2916 ea

77 2955 109 3003 12
129 2942 225 3005 arbor
257 2940 402 3024 gignitur
427 2975 464 2986 —
485 2940 605 3024 ubique
637 2941 801 3006 rimantes.
847 2939 922 3023 Sed,
954 2963 1027 3005 cum
1057 2940 1139 3005 haec

129 3051 255 3114 quoque
279 3022 434 3094 alimenta
457 3027 653 3111 defecerant,
674 3029 819 3093 iumenta
841 3030 972 3094 caedere
993 3028 1140 3113 adgressi

127 3141 168 3183 ne
192 3117 283 3202 equis
312 3115 440 3200 quidem
464 3117 686 3181 abstinebantt
718 3123 751 3180 et
774 3139 846 3182 cum
869 3117 1030 3201 deessent,
1056 3139 1139 3202 quae

129 3207 271 3272 sarcinas
303 3204 471 3288 veherent,
502 3205 606 3288 spolia
633 3203 672 3269 de
698 3204 861 3288 hostibus,
892 3210 1026 3292 propter
1056 3226 1139 3290 quae

128 3296 246 3360 ultima
283 3292 426 3359 Orientis
461 3296 727 3377 peragraverunt,
764 3296 950 3360 cremabant
980 3294 1140 3360 incendio.

77 3394 109 3442 13
128 3382 259 3448 Famem
291 3382 405 3447 deinde
432 3381 620 3466 pestilentia
647 3386 756 3448 secuta
783 3386 847 3467 est,
874 3384 991 3468 quippe
1016 3382 1140 3448 insalu-

128 3470 236 3535 brium
267 3471 412 3536 ciborum
443 3470 521 3536 novi
554 3470 635 3554 suci,
667 3472 708 3535 ad
738 3471 801 3536 hoc
832 3471 957 3536 itineris
984 3472 1078 3537 labor
1105 3477 1141 3537 et

128 3558 297 3642 aegritudo
331 3559 431 3623 animi
458 3558 673 3644 vulgaverant
699 3559 830 3624 morbos
862 3563 895 3623 et
921 3579 980 3624 nec
1007 3581 1139 3625 manere
