2444 3908
136 113 201 178 216
511 112 542 178 o.
562 112 776 168 1111111111
854 192 857 198 Ι

82 269 116 318 aa
136 257 205 322 Rex
232 257 384 340 Balacro,
415 257 471 342 qui
503 257 735 340 specularetur,
766 256 945 340 praemisso
975 259 1149 342 cognoscit

135 349 262 430 petram
280 345 359 429 fuga
376 344 530 409 Indorum
550 367 619 410 esse
638 345 807 410 desertam.
844 345 927 408 Tum
945 345 1020 409 dato
1040 346 1149 431 signo,

136 438 173 498 ut
195 433 337 498 universi
360 433 611 515 conclamarent,
633 433 834 515 inconposite
857 432 1054 517 fugientibus
1079 457 1147 500 me

83 532 117 581 13
136 525 206 585 tum
229 521 380 586 incussit.
352 524 380 584 t·
413 521 584 623 multique,
606 524 772 604 tamquam
795 521 922 585 adesset
943 520 1061 605 hostis,
1088 545 1149 606 per

136 610 259 674 lubrica
278 632 356 673 saxa
371 630 491 693 perque
505 609 610 674 invias
625 613 713 674 cotes
728 609 931 691 praecipitat
921 632 933 673 1
952 609 1147 693 occiderunt,

135 698 245 781 plures
274 697 381 780 aliqua
408 697 626 761 membrorum
658 700 748 780 parte
776 697 910 760 mulcati
937 698 1015 761 ab
1005 701 1055 761 mt
1057 700 1146 782 egris

83 796 118 846 14
138 785 257 850 deserti
276 790 360 849 sunt.
396 785 466 850 Rex
484 786 628 849 locorum
645 785 750 885 magis
769 806 864 868 quam
857 767 1024 849 hostium
1040 785 1147 851 victor

136 878 246 939 tamen
280 893 417 956 magnae
452 873 605 937 victoriae
636 875 761 955 specum
793 873 958 936 sacrificiis
990 877 1023 937 et
1054 874 1147 939 cultu

137 962 232 1027 deum
263 962 349 1026 fecit.
404 960 532 1025 Arae
523 984 557 1024 1n
588 964 681 1044 petra
712 961 836 1024 locatae
868 964 944 1025 sunt
979 960 1147 1026 Minervae

83 1060 118 1110 2⁶
136 1049 372 1133 Victoriaeque.
425 1048 569 1113 Ducibus
601 1049 738 1127 itineris,
771 1070 833 1132 quo
866 1048 974 1112 subire
1003 1049 1147 1115 iusserat

137 1137 252 1203 leviter
279 1140 435 1218 armatos,
467 1137 527 1201 etsi
555 1138 723 1219 promissis
751 1137 878 1201 minora
904 1137 1146 1220 praestiterant,

136 1225 277 1308 pretium
301 1246 373 1288 cum
396 1223 457 1287 fide
480 1223 642 1289 redditum
666 1228 728 1307 est,
750 1228 862 1306 petrae
884 1224 1090 1308 regionisque
1115 1225 1146 1290 ei

138 1312 308 1376 adiunctae
332 1309 496 1377 Sisocosto
520 1313 623 1376 tutela
645 1313 813 1395 permissa.

552 1449 631 1515 One.
653 1451 727 1515 XII.

103 1585 118 1635 1
225 1571 303 1638 Inde
322 1575 479 1657 processit
497 1572 666 1638 Ecbolima
684 1577 725 1656 et,
743 1596 815 1638 cum
834 1575 1000 1660 angustias
1018 1576 1145 1642 itineris

137 1661 278 1728 obsideri
295 1680 344 1726 xx
363 1663 493 1726 milibus
517 1665 714 1726 armatorum
737 1664 778 1726 ab
796 1662 891 1726 Erice
914 1664 1053 1748 quodam
1073 1685 1146 1729 con·

101 1754 465 1903 111111111111
487 1748 1145 1922 111111.911111111911111111

137 1927 185 1990 dit
171 1930 259 1991 tores
274 1948 311 1991 ac
325 1927 428 2010 sagitt
414 1927 514 1991 tarios
529 1926 582 1990 det
584 1927 717 2008 urbatis,
736 1927 790 2010 qui
805 1927 998 1991 obsederant
1016 1929 1147 2012 saltum,

102 2027 118 2074 1
137 2019 271 2098 sequen
257 2015 345 2078 tibus
364 2036 398 2078 se
417 2015 517 2098 copiis
540 1976 729 2116 1111111111.
769 2014 851 2097 Indi,
870 2015 937 2079 sive
959 2015 1033 2079 odio
1054 1979 1147 2081 ducis,

137 2103 205 2167 sive
232 2106 305 2186 grat
307 2103 371 2165 iam
394 2102 594 2166 victorisim
549 2102 673 2185 mituri,
698 2101 814 2166 Ericen
836 2065 1015 2186 iugientem
1038 2103 1146 2168 adorti

136 2191 369 2253 interemerunt
399 2194 557 2272 caputque
589 2191 657 2252 eius
689 2193 786 2273 atque
819 2212 907 2255 arma
937 2191 978 2255 ad
1005 2190 1147 2256 Alexan·

137 2277 229 2340 drum
253 2276 444 2341 detulerunt
489 2274 549 2340 Ille
572 2276 658 2342 facto
624 2277 899 2360 tinpunitatem
922 2279 1022 2362 dedit,
1045 2279 1147 2345 hono·

136 2383 206 2428 rem
233 2365 403 2450 denegavit
425 2365 581 2447 exemplo.

101 2464 119 2513 4
225 2452 309 2517 Hinc
332 2453 373 2516 ad
395 2451 513 2516 flumen
535 2451 651 2516 Indum
674 2453 915 2518 sextisdecumis
939 2455 1054 2519 castris
1072 2473 1198 2539 per-42

137 2543 226 2607 venit
249 2541 434 2624 omniaque,
457 2545 494 2605 ut
515 2545 731 2624 praeceperat,
755 2541 796 2606 ad
817 2542 1030 2607 traiciendum
1052 2565 1145 2627 prae-

102 2633 252 2714 tparata
284 2631 324 2694 ab
356 2629 599 2711 Hephaestione
630 2629 781 2712 repperit
834 2629 1008 2713 Regnabat
1039 2632 1075 2694 in
1106 2653 1146 2696 ea

136 2719 268 2801 regione
296 2717 445 2800 Omphis,
478 2717 532 2799 qui
560 2718 647 2799 patri
673 2738 798 2801 quoque
824 2716 930 2781 fuerat
958 2722 1072 2783 auctor
1094 2719 1146 2783 de·

137 2804 233 2868 dendi
254 2824 390 2886 regnum
413 2804 597 2869 Alexandro
621 2808 654 2868 et
676 2809 911 2886 postmortem
934 2807 1080 2888 parentis
1102 2807 1147 2870 le-

137 2896 233 2976 gatos
252 2892 393 2975 miserat,
413 2892 468 2974 qui
487 2891 692 2957 consulerent
710 2914 783 2956 eum
783 2913 944 2977 ,regnare
963 2916 997 2958 se
1012 2895 1147 2958 interim

101 2980 236 3044 evellet
254 3001 297 3044 an
314 2980 478 3063 privatum
500 2980 640 3063 opperiri
659 2979 727 3043 eius
747 2943 928 3045 adventum.
968 2980 1146 3046 Permisso·

137 3088 211 3151 que,
246 3070 284 3131 ut
319 3071 484 3152 regnaret,
520 3090 585 3133 non
621 3068 772 3132 tamen
762 3090 813 3131 rus
846 3068 901 3132 dat
887 3072 957 3132 tum
989 3091 1147 3153 usurpare

136 3155 299 3219 sustinuit.
277 3155 367 3218 tIs
385 3156 524 3238 benigne
538 3155 665 3240 quidem
680 3148 849 3238 exceperat
862 3155 1147 3242 Hephaestionem,

137 3244 314 3327 gratuitum
333 3242 531 3307 frumentum
551 3243 652 3327 copiis
672 3244 738 3307 eius
758 3242 940 3346 admensus,
957 3249 1147 3310 nontamen

138 3332 168 3395 ei
195 3334 391 3413 occurrerat,
417 3352 458 3394 ne
484 3331 580 3395 fidem
608 3330 706 3395 ullius
733 3330 799 3396 nisi
825 3332 917 3415 regis·
938 3333 1147 3416 experiretur.

103 3418 251 3504 altaque
274 3417 417 3484 venienti
440 3418 569 3482 obviam
592 3440 665 3483 cum
686 3423 812 3483 armato
836 3419 979 3483 exercitu
997 3441 1148 3506 egressus

138 3511 201 3595 est,
230 3507 395 3593 elephanti
423 3526 548 3590 quoque
574 3528 632 3589 per
660 3507 787 3574 modica
812 3506 981 3574 intervalla
1004 3507 1148 3574 militum
