2444 3908
262 81 515 137 HISTORIARUM
532 81 747 137 ALEXANDRI
765 81 853 146 v1111,
871 89 896 138 8.
1016 83 1081 146 249

73 225 196 289 xander
212 226 310 290 tertio
329 225 389 308 die,
413 247 510 310 quam
528 230 679 309 coeperat
697 227 852 309 obsidere,
876 229 1081 310 expugnavit.

74 313 120 378 Et
142 313 345 396 Porticanus,
373 336 446 379 cum
467 314 502 378 in
524 335 630 378 arcem
654 314 864 398 confugisset,
892 315 1018 400 legatos
1042 317 1080 380 de
1101 325 1134 374 12

75 401 260 466 condicione
289 402 460 467 deditionis
490 402 582 466 misit
609 402 648 466 ad
675 424 797 487 regem:
831 403 886 468 sed
910 410 1082 488 antequam
1123 403 1125 406 ’
1185 462 1189 467 .

75 489 200 554 adirent
227 512 315 575 eum,
341 489 423 554 duae
450 493 555 554 turres
583 509 655 554 cum
678 490 804 573 ingenti
826 491 955 575 fragore
977 493 1083 575 proci-

74 576 197 661 derant,
217 600 275 661 per
294 599 430 662 quarum
445 578 556 642 ruinas
570 577 760 642 Macedones
776 600 904 643 evasere
919 580 954 643 in
967 602 1083 664 arcem,

75 687 139 749 qua
161 670 259 748 capta
280 665 471 731 Porticanus
494 687 567 732 eum
582 666 692 748 paucis
710 687 897 750 repugnans
917 668 1081 732 occiditur.

18 752 64 818 32
162 753 279 818 Diruta
296 751 399 839 igitur
417 775 490 818 arce
508 758 542 818 et
560 754 709 819 omnibus
726 754 863 837 captivis
879 757 1081 821 venumdatis
1102 764 1134 812 1³

74 836 186 906 Sambi
212 842 299 926 regis
327 843 407 906 fines
436 841 599 926 ingressus
630 846 680 907 est
702 842 877 925 multisque
900 844 1025 926 oppidis
1047 845 1082 908 in

74 929 170 993 fidem
207 931 346 1012 acceptis
382 929 612 994 validissimam
649 931 756 1013 gentis
791 930 903 994 urbem
936 932 1081 997 cuniculo

74 1017 168 1100 cepit
198 1016 354 1082 Barbarie
373 1018 479 1082 simile
498 1017 634 1082 monstri
652 1017 757 1082 visum
775 1021 834 1100 est,
852 1019 985 1083 rudibus
1000 1020 1082 1083 mili·
1102 1026 1134 1078 14

73 1106 195 1170 tarium
221 1126 370 1190 operum:
398 1106 518 1190 quippe
545 1106 580 1170 in
606 1105 712 1170 media
737 1105 839 1170 ferme
862 1107 941 1170 urbe
965 1109 1082 1173 armati

74 1196 161 1256 terra
193 1192 375 1258 existebant
408 1193 497 1258 nullo
524 1193 658 1258 suffossi
689 1214 803 1276 specus
836 1198 911 1258 ante
941 1195 1082 1279 vestigio

74 1281 170 1345 facto.
205 1297 303 1346 ιω
320 1281 411 1346 milia
427 1280 581 1346 Indorum
599 1281 632 1345 in
652 1303 690 1347 ea
707 1282 839 1366 regione
858 1303 952 1347 caesa
966 1281 1082 1347 Clitar·
1101 1290 1135 1340 15

74 1368 152 1433 chus
171 1373 222 1433 est
240 1372 352 1434 auctor
369 1370 553 1453 multosque
572 1371 717 1452 captivos
736 1370 795 1434 sub
816 1391 932 1435 corona
947 1372 1082 1437 venisse.

73 1455 196 1521 Rursus
214 1456 373 1522 Musicani
391 1457 582 1540 defecerunt,
600 1458 640 1521 ad
659 1479 739 1540 quos
758 1458 986 1542 opprimendos
1006 1460 1083 1524 mis·
1102 1467 1136 1516 16

74 1565 128 1608 sus
151 1547 201 1610 est
220 1544 350 1628 Pithon,
373 1545 428 1629 qui
451 1550 581 1628 captum
604 1546 781 1628 principem
807 1547 914 1630 gentis
933 1547 1082 1611 eundem-

74 1653 136 1716 que
170 1632 358 1698 defectionis
396 1636 560 1698 auctorem
595 1633 730 1697 adduxit
765 1632 806 1696 ad
842 1654 962 1716 regem.
1013 1635 1081 1711 Quo

73 1720 255 1784 Alexander
281 1722 316 1785 in
344 1742 470 1785 crucem
498 1720 626 1784 sublato
654 1741 766 1784 rursus
794 1742 933 1805 amnem,
960 1722 996 1786 in
1018 1744 1081 1807 quo

75 1808 210 1872 classem
236 1811 403 1890 expectare
426 1829 460 1872 se
483 1808 634 1890 iusserat,
656 1808 784 1890 repetit.

12 1915 13 1919 ’
164 1894 284 1972 Quarto
320 1895 434 1960 deinde
470 1895 519 1959 die
556 1895 694 1960 seeundo
732 1916 825 1959 amne
863 1896 1011 1978 pervenit
1042 1897 1083 1961 ad
1102 1904 1134 1954 17

74 1983 415 2156 iltlilialt‘jdei
432 1981 1027 2154 &aurareturzubir
1047 2005 1083 2135 {l

74 2160 258 2245 clauserant
274 2163 394 2243 portas.
431 2158 573 2235 Quorum
595 2160 758 2242 paucitate
777 2164 963 2242 contempta
982 2181 1038 2224 rex
1057 2179 1082 2224 Ι)
1103 2167 1136 2216 18

73 2247 237 2333 Agrianos
268 2249 397 2313 moenia
429 2247 537 2312 subire
569 2248 664 2312 iussit
694 2252 727 2311 et
753 2247 872 2312 sensim
899 2248 1082 2312 recedentes

74 2336 188 2400 elicere
210 2340 312 2400 'extra
348 2357 458 2400 muros
490 2335 617 2400 hostem
649 2338 831 2400 secuturum
862 2336 1022 2419 profecto,
1055 2337 1082 2399 si

72 2423 185 2507 fugere
212 2444 267 2488 eos
295 2423 449 2487 crederet.
492 2424 642 2507 Agriani,
670 2423 754 2488 sicut
779 2423 973 2504 imperatum
1003 2427 1083 2505 erat,
1102 2432 1135 2480 19

73 2509 223 2575 lacessito
254 2510 349 2575 hoste
376 2510 483 2574 subito
510 2514 605 2594 terga
631 2513 811 2575 verterunt:
844 2531 924 2593 quos
951 2509 1083 2574 barbari

74 2598 172 2663 effuse
196 2601 366 2681 sequentes
389 2599 423 2661 in
446 2597 538 2680 alios,
560 2598 646 2661 inter
669 2619 749 2681 quos
771 2597 841 2680 ipse
859 2618 916 2660 rex
934 2602 1013 2679 erat,
1036 2598 1082 2661 in-

74 2685 191 2751 cidunt
230 2684 400 2751 Renovato
420 2705 505 2769 ergo
527 2684 653 2767 proelio
682 2706 721 2749 ex
744 2702 784 2748 111
807 2684 941 2749 milibus
967 2685 1083 2749 barba·

73 2795 183 2839 rorum
215 2789 262 2839 Do
294 2774 380 2838 eaesi
411 2777 501 2856 sunt,
532 2772 622 2836 mille
654 2772 754 2858 capti,
786 2772 883 2837 ceteri
914 2774 1081 2839 moenibus

21 2859 65 2925 33
74 2862 165 2925 urbis
187 2860 312 2926 inclusi
352 2858 415 2927 Sed
436 2881 502 2925 non
520 2862 558 2925 ut
575 2860 681 2943 prima
699 2860 803 2945 specie
826 2859 914 2924 laeta
936 2861 1082 2940 victoria,
1100 2869 1136 2919 20

74 2949 122 3012 ita
140 2952 256 3012 eventu
274 2968 400 3032 quoque
413 2948 487 3030 fuit,
505 2949 624 3032 quippe
637 2947 770 3012 barbari
782 2968 904 3013 veneno
918 2949 1083 3013 tinxerant

73 3034 208 3120 gladios.
251 3034 367 3120 Itaque
391 3036 492 3102 saucii
514 3036 649 3101 subinde
673 3035 882 3120 exspirabant
902 3057 963 3101 nec
986 3058 1083 3101 causa

72 3128 141 3188 tam
163 3127 314 3200 strenuae
331 3123 446 3189 mortis
463 3143 541 3189 exco
565 3122 642 3201 itari
659 3127 788 3208 poterat
806 3122 986 3206 medicis,
1008 3146 1080 3187 cunr

72 3212 171 3278 etiam
190 3211 277 3278 leves
298 3211 416 3298 plagae
436 3143 775 3279 neminassent
812 3209 899 3277 Barb
944 3214 1082 3274 'autem
1101 3221 1133 3268 21

73 3303 280 3383 speraverant
313 3300 488 3377 incautum„
515 3300 551 3365 ot
583 3297 795 3365 tammarium
831 3320 874 3364 res
980 3299 1082 3381 excipi

71 3407 176 3470 posse.
209 3385 255 3453 Et
276 3387 361 3454 forte
382 3386 470 3453 intas
486 3384 747 3479 proplfflndmon
764 3384 860 3453 dimit·
977 3390 1081 3447 {actus

71 3476 228 3541 evaserat
261 3472 439 3561 Praecipue
458 3470 690 3561 Pulsum
810 3472 865 3539 hu·
983 3473 1082 3536 cviter
1100 3482 1134 3531 22
