2444 3908
142 115 206 180 136
513 109 545 177 Q.
565 111 778 167 cucusum

89 281 122 343 ru
142 281 190 343 eo,
208 280 303 343 quem
318 257 536 340 damnaverat,
555 255 719 321 sustinuit.
751 253 896 320 Secunda
909 254 1022 320 deinde
1036 254 1158 340 vigilia

99 343 121 459 ζ
122 334 131 352 ἃ
141 347 319 447 luminibus
343 344 491 409 extinctis
515 365 587 408 cum
610 343 721 426 paucis
745 343 780 408 in
802 343 924 445 regiam
947 341 1158 446 coeuntflc·

141 435 313 518 phaestron
339 436 372 497 et
400 429 553 496 Craterus
582 435 615 496 et
642 428 768 496 Coenus
797 434 829 496 et
851 431 1018 516 Er1gy1us,
1046 429 1083 495 hs
1113 452 1156 496 ex

142 521 254 587 amicis
260 572 269 605 ,
296 543 335 586 ex
363 519 531 604 armigeris
558 522 667 584 autem
693 517 863 584 Perdiccas
895 523 928 584 et
955 518 1157 586 Leonnatus.

141 609 204 674 Per
221 609 281 675 hos
301 609 508 692 imperatum,
526 610 576 691 ut,
595 607 650 690 qui
668 608 712 672 ud
727 608 926 690 praetorium
940 607 1158 694 excubabant,

90 718 122 768 18
142 698 259 763 armati
278 698 461 781 vigilarent.
493 694 563 759 Iam
581 694 622 759 ad
640 715 751 759 omnes
770 694 876 760 adibis
896 695 1045 778 dispositi
1058 700 1157 761 erant

142 787 279 871 equites,
302 785 422 850 itinera
440 804 567 868 quoque
586 782 731 847 obsidere
751 783 843 867 iussi,
864 805 904 848 ne
923 783 995 867 quis
1013 782 1055 847 ad
1072 782 1156 848 Par·

141 875 338 958 menionem,
356 873 410 956 qui
428 877 499 937 tum
517 870 642 935 Mediae
661 872 852 956 magnisque
873 871 974 955 copiis
992 876 1157 957 praeerat,

90 981 122 1031 12
143 964 288 1029 occultus
313 960 470 1027 evaderet.
506 958 678 1024 Atharrias
702 964 811 1025 autem
834 982 907 1025 cum
930 976 993 1025 ccc
1016 960 1156 1026 muratis

141 1052 320 1116 intraverat
331 1048 469 1132 regiam:
484 1047 559 1113 huic
578 1047 687 1113 decem
700 1049 859 1114 satellites
873 1049 1058 1132 traduntur,
1073 1068 1156 1132 quo·

93 1158 127 1207 20
146 1162 217 1203 rum
236 1136 383 1219 singulos
407 1135 482 1199 deni
501 1136 653 1218 armigeri
676 1137 899 1219 sequebantur.
938 1135 984 1200 Hi
1002 1135 1042 1200 ad
1070 1135 1155 1202 alios

145 1226 328 1291 coniuratos
348 1221 651 1305 conprehendendos
674 1223 840 1288 distributi
859 1227 946 1289 sunt:
978 1222 1155 1289 Atharrias

142 1335 213 1378 cum
246 1310 400 1375 trecentis
432 1309 474 1373 ad
505 1309 667 1375 Philotam
699 1311 817 1376 missus
850 1312 995 1376 clausum
1026 1312 1156 1377 aditum

143 1399 255 1465 domus
278 1399 488 1481 moliebatur,
510 1415 532 1461 1.
555 1398 705 1462 iuvenum
727 1399 979 1482 promptissimis
1002 1399 1157 1486 stipatus,

141 1510 217 1552 nam
233 1490 358 1552 ceteros
368 1486 497 1570 cingere
510 1485 650 1568 undique
665 1485 796 1551 domum
809 1487 957 1570 iusserat,
971 1508 1011 1552 ne
1023 1488 1156 1554 occulto

90 1595 123 1644 21
144 1575 232 1641 aditu
246 1573 394 1639 Philotas·
411 1576 522 1657 posset
540 1573 634 1637 elabi.
669 1573 767 1637 Illum
782 1574 848 1639 sive
865 1575 1037 1640 securitate
1051 1576 1157 1642 animi

143 1664 209 1729 sive
232 1662 425 1747 fatigatione
453 1662 633 1727 resolutum
656 1683 788 1728 somnus
812 1668 1029 1746 oppresserat:
1057 1686 1156 1749 quem

90 1771 123 1819 22
143 1750 315 1816 Atharrias
331 1753 515 1834 torpentem
529 1749 632 1814 adhuc
646 1754 791 1835 occupat.
827 1750 970 1816 Tandem
989 1753 1019 1816 ei
1037 1773 1157 1836 sopore

144 1840 289 1904 discusso
309 1860 382 1903 cum
399 1838 595 1903 inicerentur
612 1842 757 1923 catenae,
772 1838 892 1923 ‘Vicit'‚
911 1840 1030 1924 inquit,
1049 1839 1156 1905 ‘boni-

142 1931 244 1994 tatem
264 1931 368 2009 tuam,
391 1949 459 2011 rex,
482 1926 686 1992 inimicorum
705 1949 848 1992 meorum
867 1927 1048 1992 acerbitas'.
1085 1926 1158 1996 Nec

144 2018 239 2100 plura
262 2018 423 2081 elocutum
446 2015 553 2097 capite
575 2015 682 2080 velato
705 2016 740 2079 in
761 2016 887 2100 regiam
909 2015 1080 2080 adducunt.

90 2125 123 2172 23
232 2102 367 2168 Postero
405 2101 462 2189 die
489 2123 545 2166 rex
581 2102 693 2185 edixit,
729 2125 839 2168 omnes
872 2104 989 2168 armati
1021 2104 1158 2170 coirent

143 2210 180 2256 vr
194 2191 285 2254 milia
297 2190 363 2254 fere
378 2189 519 2253 militum
533 2194 699 2271 venerant,
716 2194 884 2273 praeterea
901 2193 997 2256 turba
1012 2191 1156 2258 lixarum

92 2299 127 2347 24
145 2279 355 2360 calonumque
387 2277 590 2359 inpleverant
624 2277 757 2360 regiam.
810 2277 964 2344 Philotan
1000 2279 1157 2364 armigeri

144 2365 273 2451 agmine
291 2385 349 2429 suo
368 2364 534 2449 tegebant,
557 2386 598 2428 ne
618 2369 692 2429 ante
714 2365 856 2449 conspici
878 2370 988 2450 posset
1007 2390 1027 2433 a
1044 2368 1157 2453 vulgo,

91 2474 125 2523 25
144 2476 241 2538 quam
258 2474 315 2518 rex
332 2452 500 2517 adlocutus
518 2451 640 2516 milites
659 2457 753 2518 esset.
784 2452 834 2517 De
848 2455 1041 2537 capitalibus
1055 2455 1156 2521 rebus

144 2546 271 2609 vetusto
303 2533 516 2607 Macedonum
552 2539 647 2606 modo
679 2541 864 2625 inquirebat
896 2563 964 2623 rece,
998 2544 1159 2609 tudc'eabat

146 2631 302 2696 exercitus
328 2667 366 2676 -
392 2631 427 2694 in
455 2650 534 2713 pace
562 2634 632 2694 erat
657 2630 747 2715 vulgi
769 2666 814 2676 —
836 2633 869 2694 et
894 2629 978 2694 nihil
1005 2635 1156 2714 potestas

93 2738 125 2786 26
145 2739 258 2802 regum
280 2718 424 2800 valebat,
445 2717 509 2781 nisi
531 2717 620 2800 prius
643 2718 799 2783 valuisset
821 2719 1005 2783 auctoritas.
1035 2718 1159 2802 igitur

142 2805 264 2888 Dymni
291 2805 432 2887 primum
460 2802 596 2868 cadaver
622 2805 759 2870 infertur
786 2805 963 2890 plerisque,
995 2805 1072 2891 quid
1101 2829 1158 2891 pa·

144 2897 249 2957 rasset
271 2913 372 2976 quove
396 2912 473 2957 casu
496 2893 655 2957 extinctus
680 2896 777 2976 esset,
796 2893 929 2977 ignaris.

572 3048 650 3116 Onu.
672 3049 727 3116 IX.

111 3177 125 3225 1
233 3154 301 3219 Rex
320 3154 432 3221 deinde
452 3156 486 3221 in
501 3156 683 3220 contionem
701 3155 847 3238 procedit
862 3157 955 3222 vultu
972 3158 1158 3242 praeferens
1169 3160 1213 3226 32

146 3244 288 3308 dolorem
312 3244 421 3308 animi.
463 3242 651 3309 Amicorum
674 3264 800 3327 quoque
824 3245 989 3310 maestitia
1012 3250 1160 3330 expecta-

110 3355 126 3402 2
146 3333 269 3397 tionem
291 3332 378 3396 haud
398 3353 533 3417 parvam
554 3333 602 3396 rei
624 3331 752 3396 fecerat
792 3330 858 3396 Diu
880 3355 937 3397 rex
960 3334 1101 3400 demisso
1124 3336 1161 3400 in

145 3425 265 3487 terram
281 3422 372 3485 vultu
387 3419 526 3484 attonito
542 3420 747 3503 stupentique
761 3419 877 3486 similis
890 3422 991 3487 stetit
1013 3421 1161 3490 Tandem

146 3514 278 3596 recepto
290 3509 407 3594 animo,
419 3506 559 3586 ‘Paene',
571 3507 685 3592 iuquit,
700 3507 843 3593 ‘milites
855 3508 1024 3574 hominum
1038 3511 1162 3577 scelere
