<?xml version="1.0" encoding="UTF-8"?>
<!DOCTYPE html PUBLIC "-//W3C//DTD XHTML 1.0 Transitional//EN"
    "http://www.w3.org/TR/xhtml1/DTD/xhtml1-transitional.dtd">
<html xmlns="http://www.w3.org/1999/xhtml" xml:lang="en" lang="en">
 <head>
  <title>
</title>
<meta http-equiv="Content-Type" content="text/html;charset=utf-8" />
  <meta name='ocr-system' content='tesseract 3.04.00' />
  <meta name='ocr-capabilities' content='ocr_page ocr_carea ocr_par ocr_line ocrx_word'/>
</head>
<body>
  <div class='ocr_page' id='page_1' title='image "./historiarumalex01rufugoog_0135.png"; bbox 0 0 2444 3908; ppageno 0'>
   <div class='ocr_carea' id='block_1_1' title="bbox 150 156 783 223">
    <p class='ocr_par' dir='ltr' id='par_1_1' title="bbox 150 156 783 223">
     <span class='ocr_line' id='line_1_1' title="bbox 150 156 783 223; baseline -0.011 -5"><span class='ocrx_word' id='word_1_1' title='bbox 150 156 212 220; x_wconf 82' lang='grc'>102</span> <span class='ocrx_word' id='word_1_2' title='bbox 519 157 550 223; x_wconf 82' lang='lat' dir='ltr'>Q.</span> <span class='ocrx_word' id='word_1_3' title='bbox 570 157 679 212; x_wconf 79' lang='lat' dir='ltr'>CURTI</span> <span class='ocrx_word' id='word_1_4' title='bbox 696 157 783 213; x_wconf 79' lang='lat' dir='ltr'><strong>RUFI</strong></span> 
     </span>
    </p>
   </div>
   <div class='ocr_carea' id='block_1_2' title="bbox 145 300 1161 736">
    <p class='ocr_par' dir='ltr' id='par_1_2' title="bbox 145 300 1161 736">
     <span class='ocr_line' id='line_1_2' title="bbox 147 300 1161 386; baseline 0.002 -22"><span class='ocrx_word' id='word_1_5' title='bbox 147 322 206 364; x_wconf 92' lang='lat' dir='ltr'>nec</span> <span class='ocrx_word' id='word_1_6' title='bbox 229 304 284 363; x_wconf 89' lang='lat' dir='ltr'>aut</span> <span class='ocrx_word' id='word_1_7' title='bbox 306 301 476 365; x_wconf 87' lang='lat' dir='ltr'>consilium</span> <span class='ocrx_word' id='word_1_8' title='bbox 499 302 690 385; x_wconf 75' lang='lat' dir='ltr'>suppetebat</span> <span class='ocrx_word' id='word_1_9' title='bbox 708 304 764 366; x_wconf 89' lang='lat' dir='ltr'>aut</span> <span class='ocrx_word' id='word_1_10' title='bbox 781 323 855 366; x_wconf 84' lang='lat' dir='ltr'>vox:</span> <span class='ocrx_word' id='word_1_11' title='bbox 879 322 951 365; x_wconf 88' lang='lat' dir='ltr'>cum</span> <span class='ocrx_word' id='word_1_12' title='bbox 964 300 1161 386; x_wconf 75' lang='lat' dir='ltr'><strong>Artabazus,</strong></span> 
     </span>
     <span class='ocr_line' id='line_1_3' title="bbox 146 388 1159 472; baseline 0.001 -20"><span class='ocrx_word' id='word_1_13' title='bbox 146 389 381 452; x_wconf 83' lang='lat' dir='ltr'>vetustissimus</span> <span class='ocrx_word' id='word_1_14' title='bbox 414 389 601 472; x_wconf 88' lang='lat' dir='ltr'>amicorum,</span> <span class='ocrx_word' id='word_1_15' title='bbox 635 411 728 472; x_wconf 89' lang='lat' dir='ltr'>quem</span> <span class='ocrx_word' id='word_1_16' title='bbox 759 388 919 471; x_wconf 90' lang='lat' dir='ltr'>hospitem</span> <span class='ocrx_word' id='word_1_17' title='bbox 950 388 1049 453; x_wconf 89' lang='lat' dir='ltr'>fuisse</span> <span class='ocrx_word' id='word_1_18' title='bbox 1080 389 1159 453; x_wconf 93' lang='lat' dir='ltr'>Phi-</span> 
     </span>
     <span class='ocr_line' id='line_1_4' title="bbox 145 476 1159 560; baseline 0.002 -21"><span class='ocrx_word' id='word_1_19' title='bbox 145 476 225 558; x_wconf 87' lang='lat' dir='ltr'>lippi</span> <span class='ocrx_word' id='word_1_20' title='bbox 244 497 339 559; x_wconf 90' lang='lat' dir='ltr'>supra</span> <span class='ocrx_word' id='word_1_21' title='bbox 358 477 503 560; x_wconf 84' lang='lat' dir='ltr'>diximus,</span> <span class='ocrx_word' id='word_1_22' title='bbox 526 476 609 541; x_wconf 77' lang='lat' dir='ltr'>‘Nos</span> <span class='ocrx_word' id='word_1_23' title='bbox 628 476 724 559; x_wconf 86' lang='lat' dir='ltr'>vero&#39;,</span> <span class='ocrx_word' id='word_1_24' title='bbox 745 476 858 560; x_wconf 91' lang='lat' dir='ltr'>inquit,</span> <span class='ocrx_word' id='word_1_25' title='bbox 876 476 1159 559; x_wconf 77' lang='lat' dir='ltr'>‘pretiosissimam</span> 
     </span>
     <span class='ocr_line' id='line_1_5' title="bbox 146 564 1159 648; baseline 0.002 -22"><span class='ocrx_word' id='word_1_26' title='bbox 146 566 268 627; x_wconf 84' lang='lat' dir='ltr'>vestem</span> <span class='ocrx_word' id='word_1_27' title='bbox 294 565 399 627; x_wconf 88' lang='lat' dir='ltr'>induti</span> <span class='ocrx_word' id='word_1_28' title='bbox 426 565 598 647; x_wconf 89' lang='lat' dir='ltr'>armisque,</span> <span class='ocrx_word' id='word_1_29' title='bbox 626 568 746 648; x_wconf 89' lang='lat' dir='ltr'>quanto</span> <span class='ocrx_word' id='word_1_30' title='bbox 769 564 908 628; x_wconf 83' lang='lat' dir='ltr'>maximo</span> <span class='ocrx_word' id='word_1_31' title='bbox 932 565 1020 628; x_wconf 91' lang='lat' dir='ltr'>cultu</span> <span class='ocrx_word' id='word_1_32' title='bbox 1041 585 1159 647; x_wconf 87' lang='lat' dir='ltr'>possu-</span> 
     </span>
     <span class='ocr_line' id='line_1_6' title="bbox 146 651 1159 736; baseline 0.002 -23"><span class='ocrx_word' id='word_1_33' title='bbox 146 672 229 733; x_wconf 86' lang='lat' dir='ltr'>mus,</span> <span class='ocrx_word' id='word_1_34' title='bbox 261 651 408 715; x_wconf 89' lang='lat' dir='ltr'>adornati</span> <span class='ocrx_word' id='word_1_35' title='bbox 435 673 543 736; x_wconf 88' lang='lat' dir='ltr'>regem</span> <span class='ocrx_word' id='word_1_36' title='bbox 570 652 605 714; x_wconf 92' lang='lat' dir='ltr'>in</span> <span class='ocrx_word' id='word_1_37' title='bbox 631 652 732 716; x_wconf 88' lang='lat' dir='ltr'>aciem</span> <span class='ocrx_word' id='word_1_38' title='bbox 755 672 936 734; x_wconf 89' lang='lat' dir='ltr'>sequemur,</span> <span class='ocrx_word' id='word_1_39' title='bbox 964 651 1159 734; x_wconf 79' lang='lat' dir='ltr'>sequidem</span> 
     </span>
    </p>
   </div>
   <div class='ocr_carea' id='block_1_3' title="bbox 26 738 1159 3624">
    <p class='ocr_par' dir='ltr' id='par_1_3' title="bbox 145 738 1159 821">
     <span class='ocr_line' id='line_1_7' title="bbox 145 738 1159 821; baseline 0.002 -20"><span class='ocrx_word' id='word_1_40' title='bbox 145 742 262 821; x_wconf 87' lang='lat' dir='ltr'>mente,</span> <span class='ocrx_word' id='word_1_41' title='bbox 285 742 321 801; x_wconf 92' lang='lat' dir='ltr'>ut</span> <span class='ocrx_word' id='word_1_42' title='bbox 338 739 505 804; x_wconf 82' lang='lat' dir='ltr'>victoriam</span> <span class='ocrx_word' id='word_1_43' title='bbox 523 759 695 821; x_wconf 81' lang='lat' dir='ltr'>speremus,</span> <span class='ocrx_word' id='word_1_44' title='bbox 713 743 849 803; x_wconf 87' lang='lat' dir='ltr'>mortem</span> <span class='ocrx_word' id='word_1_45' title='bbox 866 760 933 802; x_wconf 95' lang='lat' dir='ltr'>non</span> <span class='ocrx_word' id='word_1_46' title='bbox 950 738 1159 804; x_wconf 67' lang='lat' dir='ltr'>recusemus?</span> 
     </span>
    </p>

    <p class='ocr_par' dir='ltr' id='par_1_4' title="bbox 110 823 1159 1697">
     <span class='ocr_line' id='line_1_8' title="bbox 112 823 1158 910; baseline -0.001 -18"><span class='ocrx_word' id='word_1_47' title='bbox 112 845 127 892; x_wconf 84' lang='lat'>2</span> <span class='ocrx_word' id='word_1_48' title='bbox 147 825 296 890; x_wconf 88' lang='lat' dir='ltr'>Adsensu</span> <span class='ocrx_word' id='word_1_49' title='bbox 318 848 468 909; x_wconf 83' lang='lat' dir='ltr'>excepere</span> <span class='ocrx_word' id='word_1_50' title='bbox 490 827 586 891; x_wconf 89' lang='lat' dir='ltr'>ceteri</span> <span class='ocrx_word' id='word_1_51' title='bbox 607 825 692 890; x_wconf 92' lang='lat' dir='ltr'>hanc</span> <span class='ocrx_word' id='word_1_52' title='bbox 713 847 838 909; x_wconf 86' lang='lat' dir='ltr'>vocem,</span> <span class='ocrx_word' id='word_1_53' title='bbox 861 825 916 889; x_wconf 91' lang='lat' dir='ltr'>sed</span> <span class='ocrx_word' id='word_1_54' title='bbox 938 823 1158 910; x_wconf 82' lang='lat' dir='ltr'>Nabarzanes,</span> 
     </span>
     <span class='ocr_line' id='line_1_9' title="bbox 147 913 1159 996; baseline 0.002 -20"><span class='ocrx_word' id='word_1_55' title='bbox 147 914 201 996; x_wconf 92' lang='lat' dir='ltr'>qui</span> <span class='ocrx_word' id='word_1_56' title='bbox 223 915 258 977; x_wconf 90' lang='lat' dir='ltr'>in</span> <span class='ocrx_word' id='word_1_57' title='bbox 280 915 392 978; x_wconf 89' lang='lat' dir='ltr'>eodem</span> <span class='ocrx_word' id='word_1_58' title='bbox 415 914 548 979; x_wconf 88' lang='lat' dir='ltr'>consilio</span> <span class='ocrx_word' id='word_1_59' title='bbox 572 917 655 996; x_wconf 91' lang='lat' dir='ltr'>erat,</span> <span class='ocrx_word' id='word_1_60' title='bbox 681 935 754 978; x_wconf 90' lang='lat' dir='ltr'>oum</span> <span class='ocrx_word' id='word_1_61' title='bbox 777 914 876 978; x_wconf 88' lang='lat' dir='ltr'>Besso</span> <span class='ocrx_word' id='word_1_62' title='bbox 899 913 1036 976; x_wconf 77' lang='lat' dir='ltr'>inauditi</span> <span class='ocrx_word' id='word_1_63' title='bbox 1058 917 1159 978; x_wconf 89' lang='lat' dir='ltr'>antea</span> 
     </span>
     <span class='ocr_line' id='line_1_10' title="bbox 146 1000 1158 1086; baseline 0.003 -23"><span class='ocrx_word' id='word_1_64' title='bbox 146 1000 299 1066; x_wconf 88' lang='lat' dir='ltr'>facinoris</span> <span class='ocrx_word' id='word_1_65' title='bbox 318 1002 471 1066; x_wconf 85' lang='lat' dir='ltr'>societate</span> <span class='ocrx_word' id='word_1_66' title='bbox 489 1002 571 1065; x_wconf 89' lang='lat' dir='ltr'>inita</span> <span class='ocrx_word' id='word_1_67' title='bbox 588 1022 696 1086; x_wconf 91' lang='lat' dir='ltr'>regem</span> <span class='ocrx_word' id='word_1_68' title='bbox 715 1023 808 1065; x_wconf 93' lang='lat' dir='ltr'>suum</span> <span class='ocrx_word' id='word_1_69' title='bbox 821 1022 879 1083; x_wconf 90' lang='lat' dir='ltr'>per</span> <span class='ocrx_word' id='word_1_70' title='bbox 892 1000 1019 1083; x_wconf 83' lang='lat' dir='ltr'>milites,</span> <span class='ocrx_word' id='word_1_71' title='bbox 1038 1001 1158 1084; x_wconf 91' lang='lat' dir='ltr'>quibus</span> 
     </span>
     <span class='ocr_line' id='line_1_11' title="bbox 147 1087 1158 1173; baseline 0.001 -21"><span class='ocrx_word' id='word_1_72' title='bbox 147 1089 240 1152; x_wconf 92' lang='lat' dir='ltr'>ambo</span> <span class='ocrx_word' id='word_1_73' title='bbox 264 1091 442 1171; x_wconf 77' lang='lat' dir='ltr'>praeerant,</span> <span class='ocrx_word' id='word_1_74' title='bbox 464 1089 722 1171; x_wconf 80' lang='lat' dir='ltr'>conprehendere</span> <span class='ocrx_word' id='word_1_75' title='bbox 745 1091 777 1152; x_wconf 90' lang='lat' dir='ltr'>et</span> <span class='ocrx_word' id='word_1_76' title='bbox 799 1088 919 1152; x_wconf 83' lang='lat' dir='ltr'>vincire</span> <span class='ocrx_word' id='word_1_77' title='bbox 938 1087 1158 1173; x_wconf 79' lang='lat' dir='ltr'>decreverant,</span> 
     </span>
     <span class='ocr_line' id='line_1_12' title="bbox 147 1175 1158 1259; baseline 0.004 -22"><span class='ocrx_word' id='word_1_78' title='bbox 147 1197 184 1238; x_wconf 91' lang='lat' dir='ltr'>ea</span> <span class='ocrx_word' id='word_1_79' title='bbox 207 1179 326 1257; x_wconf 89' lang='lat' dir='ltr'>mente,</span> <span class='ocrx_word' id='word_1_80' title='bbox 348 1179 398 1257; x_wconf 89' lang='lat' dir='ltr'>ut,</span> <span class='ocrx_word' id='word_1_81' title='bbox 421 1176 449 1238; x_wconf 92' lang='lat' dir='ltr'>si</span> <span class='ocrx_word' id='word_1_82' title='bbox 471 1175 653 1239; x_wconf 85' lang='lat' dir='ltr'>Alexander</span> <span class='ocrx_word' id='word_1_83' title='bbox 674 1177 761 1259; x_wconf 91' lang='lat' dir='ltr'>ipsos</span> <span class='ocrx_word' id='word_1_84' title='bbox 783 1175 946 1239; x_wconf 90' lang='lat' dir='ltr'>insecutus</span> <span class='ocrx_word' id='word_1_85' title='bbox 968 1175 1066 1258; x_wconf 88' lang='lat' dir='ltr'>foret,</span> <span class='ocrx_word' id='word_1_86' title='bbox 1089 1179 1158 1241; x_wconf 85' lang='lat' dir='ltr'>tra·</span> 
     </span>
     <span class='ocr_line' id='line_1_13' title="bbox 147 1262 1157 1347; baseline 0.005 -23"><span class='ocrx_word' id='word_1_87' title='bbox 147 1262 212 1324; x_wconf 93' lang='lat' dir='ltr'>dito</span> <span class='ocrx_word' id='word_1_88' title='bbox 236 1282 311 1345; x_wconf 87' lang='lat' dir='ltr'>rege</span> <span class='ocrx_word' id='word_1_89' title='bbox 333 1262 406 1325; x_wconf 85' lang='lat' dir='ltr'>vivo</span> <span class='ocrx_word' id='word_1_90' title='bbox 425 1262 545 1325; x_wconf 90' lang='lat' dir='ltr'>inirent</span> <span class='ocrx_word' id='word_1_91' title='bbox 563 1265 700 1345; x_wconf 83' lang='lat' dir='ltr'>gratiam</span> <span class='ocrx_word' id='word_1_92' title='bbox 720 1262 857 1345; x_wconf 83' lang='lat' dir='ltr'>victoris,</span> <span class='ocrx_word' id='word_1_93' title='bbox 880 1263 990 1347; x_wconf 89' lang='lat' dir='ltr'>magni</span> <span class='ocrx_word' id='word_1_94' title='bbox 1007 1262 1157 1344; x_wconf 90' lang='lat' dir='ltr'>profecto</span> 
     </span>
     <span class='ocr_line' id='line_1_14' title="bbox 146 1347 1157 1435; baseline 0.005 -24"><span class='ocrx_word' id='word_1_95' title='bbox 146 1348 267 1430; x_wconf 86' lang='lat' dir='ltr'>cepisse</span> <span class='ocrx_word' id='word_1_96' title='bbox 294 1347 436 1412; x_wconf 89' lang='lat' dir='ltr'>Dareum</span> <span class='ocrx_word' id='word_1_97' title='bbox 463 1349 676 1433; x_wconf 86' lang='lat' dir='ltr'>aestimaturi,</span> <span class='ocrx_word' id='word_1_98' title='bbox 705 1350 755 1413; x_wconf 89' lang='lat' dir='ltr'>sin</span> <span class='ocrx_word' id='word_1_99' title='bbox 783 1353 890 1413; x_wconf 89' lang='lat' dir='ltr'>autem</span> <span class='ocrx_word' id='word_1_100' title='bbox 919 1371 991 1414; x_wconf 89' lang='lat' dir='ltr'>eum</span> <span class='ocrx_word' id='word_1_101' title='bbox 1014 1349 1157 1435; x_wconf 87' lang='lat' dir='ltr'>effugere</span> 
     </span>
     <span class='ocr_line' id='line_1_15' title="bbox 145 1435 1158 1520; baseline 0.003 -20"><span class='ocrx_word' id='word_1_102' title='bbox 145 1435 340 1518; x_wconf 88' lang='lat' dir='ltr'>potuissent,</span> <span class='ocrx_word' id='word_1_103' title='bbox 370 1437 539 1501; x_wconf 89' lang='lat' dir='ltr'>interfecto</span> <span class='ocrx_word' id='word_1_104' title='bbox 565 1435 671 1501; x_wconf 90' lang='lat' dir='ltr'>Dareo</span> <span class='ocrx_word' id='word_1_105' title='bbox 703 1456 838 1520; x_wconf 84' lang='lat' dir='ltr'>regnum</span> <span class='ocrx_word' id='word_1_106' title='bbox 869 1437 932 1520; x_wconf 91' lang='lat' dir='ltr'>ipsi</span> <span class='ocrx_word' id='word_1_107' title='bbox 961 1443 1158 1519; x_wconf 88' lang='lat' dir='ltr'>occuparent</span> 
     </span>
     <span class='ocr_line' id='line_1_16' title="bbox 110 1523 1157 1606; baseline -0.001 -15"><span class='ocrx_word' id='word_1_108' title='bbox 110 1542 126 1591; x_wconf 81' lang='grc'>3</span> <span class='ocrx_word' id='word_1_109' title='bbox 146 1524 326 1606; x_wconf 93' lang='lat' dir='ltr'>bellumque</span> <span class='ocrx_word' id='word_1_110' title='bbox 355 1528 555 1589; x_wconf 87' lang='lat' dir='ltr'>renovarent.</span> <span class='ocrx_word' id='word_1_111' title='bbox 599 1523 671 1588; x_wconf 93' lang='lat' dir='ltr'>Hoc</span> <span class='ocrx_word' id='word_1_112' title='bbox 697 1524 903 1605; x_wconf 89' lang='lat' dir='ltr'>parricidium</span> <span class='ocrx_word' id='word_1_113' title='bbox 927 1545 999 1589; x_wconf 92' lang='lat' dir='ltr'>cum</span> <span class='ocrx_word' id='word_1_114' title='bbox 1022 1525 1076 1588; x_wconf 93' lang='lat' dir='ltr'>diu</span> <span class='ocrx_word' id='word_1_115' title='bbox 1100 1547 1157 1591; x_wconf 80' lang='lat' dir='ltr'>ro·</span> 
     </span>
     <span class='ocr_line' id='line_1_17' title="bbox 144 1609 1157 1697; baseline 0.005 -24"><span class='ocrx_word' id='word_1_116' title='bbox 144 1612 193 1674; x_wconf 93' lang='lat' dir='ltr'>lut</span> <span class='ocrx_word' id='word_1_117' title='bbox 179 1613 312 1693; x_wconf 90' lang='lat' dir='ltr'>t,assent</span> <span class='ocrx_word' id='word_1_118' title='bbox 334 1609 540 1676; x_wconf 86' lang='lat' dir='ltr'>Nabarzanes</span> <span class='ocrx_word' id='word_1_119' title='bbox 563 1612 630 1675; x_wconf 86' lang='lat' dir='ltr'>adit</span> <span class='ocrx_word' id='word_1_120' title='bbox 616 1615 685 1675; x_wconf 91' lang='lat' dir='ltr'>tum</span> <span class='ocrx_word' id='word_1_121' title='bbox 702 1611 842 1676; x_wconf 88' lang='lat' dir='ltr'>nefariae</span> <span class='ocrx_word' id='word_1_122' title='bbox 862 1612 930 1694; x_wconf 89' lang='lat' dir='ltr'>spei</span> <span class='ocrx_word' id='word_1_123' title='bbox 948 1633 1157 1697; x_wconf 87' lang='lat' dir='ltr'>praeparans,</span> 
     </span>
    </p>

    <p class='ocr_par' dir='ltr' id='par_1_5' title="bbox 98 1696 1158 2656">
     <span class='ocr_line' id='line_1_18' title="bbox 98 1696 1158 1783; baseline 0.005 -22"><span class='ocrx_word' id='word_1_124' title='bbox 98 1714 123 1731; x_wconf 65' lang='grc'><strong>“</strong></span> <span class='ocrx_word' id='word_1_125' title='bbox 146 1696 233 1762; x_wconf 84' lang='lat' dir='ltr'>Soio</span> <span class='ocrx_word' id='word_1_126' title='bbox 266 1697 333 1762; x_wconf 89' lang='lat' dir='ltr'>me&#39;</span> <span class='ocrx_word' id='word_1_127' title='bbox 334 1700 490 1783; x_wconf 88' lang='lat' dir='ltr'>,inquit,</span> <span class='ocrx_word' id='word_1_128' title='bbox 523 1699 727 1764; x_wconf 87' lang='lat' dir='ltr'>sententiam</span> <span class='ocrx_word' id='word_1_129' title='bbox 759 1720 828 1763; x_wconf 87' lang='lat' dir='ltr'>esse</span> <span class='ocrx_word' id='word_1_130' title='bbox 860 1700 1019 1764; x_wconf 87' lang='lat' dir='ltr'>dicturum</span> <span class='ocrx_word' id='word_1_131' title='bbox 1047 1699 1158 1783; x_wconf 84' lang='lat' dir='ltr'>prima</span> 
     </span>
     <span class='ocr_line' id='line_1_19' title="bbox 145 1749 1157 1872; baseline 0.004 -22"><span class='ocrx_word' id='word_1_132' title='bbox 145 1786 248 1870; x_wconf 89' lang='lat' dir='ltr'>specie</span> <span class='ocrx_word' id='word_1_133' title='bbox 271 1749 518 1870; x_wconf 89' lang='lat' dir='ltr'>haudquaquam</span> <span class='ocrx_word' id='word_1_134' title='bbox 541 1788 671 1851; x_wconf 89' lang='lat' dir='ltr'>auribus</span> <span class='ocrx_word' id='word_1_135' title='bbox 694 1787 758 1851; x_wconf 91' lang='lat' dir='ltr'>tuis</span> <span class='ocrx_word' id='word_1_136' title='bbox 782 1790 916 1872; x_wconf 81' lang='lat' dir='ltr'>gratam</span> <span class='ocrx_word' id='word_1_137' title='bbox 953 1786 1015 1852; x_wconf 83' lang='lat' dir='ltr'>Sed</span> <span class='ocrx_word' id='word_1_138' title='bbox 1038 1787 1157 1854; x_wconf 90' lang='lat' dir='ltr'>medioi</span> 
     </span>
     <span class='ocr_line' id='line_1_20' title="bbox 146 1875 1158 1959; baseline 0.002 -21"><span class='ocrx_word' id='word_1_139' title='bbox 146 1896 272 1958; x_wconf 89' lang='lat' dir='ltr'>quoque</span> <span class='ocrx_word' id='word_1_140' title='bbox 304 1875 467 1959; x_wconf 86' lang='lat' dir='ltr'>graviores</span> <span class='ocrx_word' id='word_1_141' title='bbox 497 1875 626 1940; x_wconf 89' lang='lat' dir='ltr'>morbos</span> <span class='ocrx_word' id='word_1_142' title='bbox 657 1875 777 1958; x_wconf 88' lang='lat' dir='ltr'>asperis</span> <span class='ocrx_word' id='word_1_143' title='bbox 804 1876 951 1940; x_wconf 88' lang='lat' dir='ltr'>remediis</span> <span class='ocrx_word' id='word_1_144' title='bbox 980 1879 1095 1939; x_wconf 90' lang='lat' dir='ltr'>curant</span> <span class='ocrx_word' id='word_1_145' title='bbox 1123 1879 1158 1940; x_wconf 89' lang='lat' dir='ltr'>et</span> 
     </span>
     <span class='ocr_line' id='line_1_21' title="bbox 146 1963 1157 2063; baseline 0.004 -37"><span class='ocrx_word' id='word_1_146' title='bbox 146 1963 354 2063; x_wconf 79' lang='lat' dir='ltr'>gubernator,</span> <span class='ocrx_word' id='word_1_147' title='bbox 385 1963 440 2026; x_wconf 91' lang='lat' dir='ltr'>ubi</span> <span class='ocrx_word' id='word_1_148' title='bbox 468 1963 672 2047; x_wconf 84' lang='lat' dir='ltr'>naufragium</span> <span class='ocrx_word' id='word_1_149' title='bbox 699 1963 804 2045; x_wconf 89' lang='lat' dir='ltr'>timet,</span> <span class='ocrx_word' id='word_1_150' title='bbox 834 1963 970 2044; x_wconf 86' lang='lat' dir='ltr'>iactura,</span> <span class='ocrx_word' id='word_1_151' title='bbox 998 1963 1157 2047; x_wconf 90' lang='lat' dir='ltr'>quidquid</span> 
     </span>
     <span class='ocr_line' id='line_1_22' title="bbox 111 2012 1158 2134; baseline 0.005 -22.178"><span class='ocrx_word' id='word_1_152' title='bbox 111 2050 266 2115; x_wconf 87' lang='lat' dir='ltr'>4servari</span> <span class='ocrx_word' id='word_1_153' title='bbox 287 2052 410 2132; x_wconf 89' lang='lat' dir='ltr'>potest,</span> <span class='ocrx_word' id='word_1_154' title='bbox 431 2050 568 2113; x_wconf 91' lang='lat' dir='ltr'>redimit</span> <span class='ocrx_word' id='word_1_155' title='bbox 611 2050 684 2134; x_wconf 80' lang='lat' dir='ltr'>Ego</span> <span class='ocrx_word' id='word_1_156' title='bbox 704 2012 829 2132; x_wconf 82' lang='lat' dir='ltr'>tameir,</span> <span class='ocrx_word' id='word_1_157' title='bbox 851 2071 918 2113; x_wconf 90' lang='lat' dir='ltr'>non</span> <span class='ocrx_word' id='word_1_158' title='bbox 940 2012 977 2112; x_wconf 81' lang='grc'>111</span> <span class='ocrx_word' id='word_1_159' title='bbox 999 2049 1158 2117; x_wconf 90' lang='lat' dir='ltr'>damnum</span> 
     </span>
     <span class='ocr_line' id='line_1_23' title="bbox 146 2136 1157 2219; baseline 0.004 -21"><span class='ocrx_word' id='word_1_160' title='bbox 146 2137 273 2219; x_wconf 91' lang='lat' dir='ltr'>quidem</span> <span class='ocrx_word' id='word_1_161' title='bbox 295 2136 408 2218; x_wconf 89' lang='lat' dir='ltr'>facias,</span> <span class='ocrx_word' id='word_1_162' title='bbox 431 2136 558 2218; x_wconf 88' lang='lat' dir='ltr'>suadeo,</span> <span class='ocrx_word' id='word_1_163' title='bbox 580 2137 635 2199; x_wconf 91' lang='lat' dir='ltr'>sed</span> <span class='ocrx_word' id='word_1_164' title='bbox 657 2139 695 2200; x_wconf 93' lang='lat' dir='ltr'>ut</span> <span class='ocrx_word' id='word_1_165' title='bbox 716 2139 748 2198; x_wconf 88' lang='grc'>11</span> <span class='ocrx_word' id='word_1_166' title='bbox 771 2156 809 2199; x_wconf 87' lang='lat' dir='ltr'>ao</span> <span class='ocrx_word' id='word_1_167' title='bbox 831 2155 963 2218; x_wconf 89' lang='lat' dir='ltr'>regnum</span> <span class='ocrx_word' id='word_1_168' title='bbox 986 2138 1078 2197; x_wconf 92' lang='lat' dir='ltr'>tuum</span> <span class='ocrx_word' id='word_1_169' title='bbox 1104 2161 1157 2202; x_wconf 89' lang='lat' dir='ltr'>sa-</span> 
     </span>
     <span class='ocr_line' id='line_1_24' title="bbox 144 2221 1158 2309; baseline 0.002 -24"><span class='ocrx_word' id='word_1_170' title='bbox 144 2223 229 2285; x_wconf 90' lang='lat' dir='ltr'>lubri</span> <span class='ocrx_word' id='word_1_171' title='bbox 255 2221 379 2286; x_wconf 89' lang='lat' dir='ltr'>ratione</span> <span class='ocrx_word' id='word_1_172' title='bbox 404 2242 582 2285; x_wconf 82' lang='lat' dir='ltr'>conserves.</span> <span class='ocrx_word' id='word_1_173' title='bbox 626 2221 685 2285; x_wconf 90' lang='lat' dir='ltr'>Dis</span> <span class='ocrx_word' id='word_1_174' title='bbox 713 2221 854 2286; x_wconf 87' lang='lat' dir='ltr'>adversis</span> <span class='ocrx_word' id='word_1_175' title='bbox 882 2221 1031 2284; x_wconf 89' lang='lat' dir='ltr'>bellum</span> <span class='ocrx_word' id='word_1_176' title='bbox 1022 2221 1158 2309; x_wconf 90' lang='lat' dir='ltr'>mimus,</span> 
     </span>
     <span class='ocr_line' id='line_1_25' title="bbox 145 2307 1157 2394; baseline 0.007 -23.395"><span class='ocrx_word' id='word_1_177' title='bbox 145 2308 346 2391; x_wconf 72' lang='grc'>1111111111</span> <span class='ocrx_word' id='word_1_178' title='bbox 367 2308 498 2373; x_wconf 85' lang='lat' dir='ltr'>fortuna</span> <span class='ocrx_word' id='word_1_179' title='bbox 518 2308 632 2373; x_wconf 90' lang='lat' dir='ltr'>Persas</span> <span class='ocrx_word' id='word_1_180' title='bbox 655 2329 768 2394; x_wconf 90' lang='lat' dir='ltr'>urgere</span> <span class='ocrx_word' id='word_1_181' title='bbox 789 2329 856 2373; x_wconf 93' lang='lat' dir='ltr'>non</span> <span class='ocrx_word' id='word_1_182' title='bbox 878 2308 1004 2372; x_wconf 89' lang='lat' dir='ltr'>desinit.</span> <span class='ocrx_word' id='word_1_183' title='bbox 1047 2307 1157 2377; x_wconf 89' lang='lat' dir='ltr'>Novis</span> 
     </span>
     <span class='ocr_line' id='line_1_26' title="bbox 144 2395 1155 2498; baseline 0.007 -39"><span class='ocrx_word' id='word_1_184' title='bbox 144 2395 245 2460; x_wconf 90' lang='lat' dir='ltr'>initiis</span> <span class='ocrx_word' id='word_1_185' title='bbox 274 2399 306 2460; x_wconf 90' lang='lat' dir='ltr'>et</span> <span class='ocrx_word' id='word_1_186' title='bbox 328 2396 488 2461; x_wconf 91' lang='lat' dir='ltr'>ominibus</span> <span class='ocrx_word' id='word_1_187' title='bbox 511 2419 592 2498; x_wconf 84' lang='lat' dir='ltr'>opus</span> <span class='ocrx_word' id='word_1_188' title='bbox 615 2398 672 2462; x_wconf 90' lang='lat' dir='ltr'>est.</span> <span class='ocrx_word' id='word_1_189' title='bbox 717 2396 904 2479; x_wconf 83' lang='lat' dir='ltr'>Auspicium</span> <span class='ocrx_word' id='word_1_190' title='bbox 927 2396 991 2460; x_wconf 91' lang='grc'>11</span> <span class='ocrx_word' id='word_1_191' title='bbox 982 2398 1155 2480; x_wconf 85' lang='lat' dir='ltr'>1mperium</span> 
     </span>
     <span class='ocr_line' id='line_1_27' title="bbox 144 2484 1155 2569; baseline 0.005 -21.179"><span class='ocrx_word' id='word_1_192' title='bbox 144 2485 273 2549; x_wconf 87' lang='lat' dir='ltr'>interim</span> <span class='ocrx_word' id='word_1_193' title='bbox 303 2484 362 2548; x_wconf 88' lang='lat' dir='ltr'>alii</span> <span class='ocrx_word' id='word_1_194' title='bbox 383 2486 488 2568; x_wconf 89' lang='lat' dir='ltr'>trade,</span> <span class='ocrx_word' id='word_1_195' title='bbox 519 2486 614 2569; x_wconf 91' lang='lat' dir='ltr'>quit</span> <span class='ocrx_word' id='word_1_196' title='bbox 600 2485 723 2549; x_wconf 90' lang='lat' dir='ltr'>tamdiu</span> <span class='ocrx_word' id='word_1_197' title='bbox 749 2505 805 2548; x_wconf 87' lang='lat' dir='ltr'>rex</span> <span class='ocrx_word' id='word_1_198' title='bbox 832 2484 1021 2568; x_wconf 88' lang='lat' dir='ltr'>appelletur,</span> <span class='ocrx_word' id='word_1_199' title='bbox 1051 2484 1155 2553; x_wconf 89' lang='lat' dir='ltr'>doneo</span> 
     </span>
     <span class='ocr_line' id='line_1_28' title="bbox 144 2571 1154 2656; baseline 0.003 -20"><span class='ocrx_word' id='word_1_200' title='bbox 144 2572 224 2637; x_wconf 87' lang='lat' dir='ltr'>Asia</span> <span class='ocrx_word' id='word_1_201' title='bbox 247 2573 378 2637; x_wconf 86' lang='lat' dir='ltr'>decedat</span> <span class='ocrx_word' id='word_1_202' title='bbox 398 2573 511 2656; x_wconf 89' lang='lat' dir='ltr'>hostis,</span> <span class='ocrx_word' id='word_1_203' title='bbox 532 2574 635 2638; x_wconf 80' lang='lat' dir='ltr'>vietor</span> <span class='ocrx_word' id='word_1_204' title='bbox 657 2572 770 2636; x_wconf 90' lang='lat' dir='ltr'>deinde</span> <span class='ocrx_word' id='word_1_205' title='bbox 791 2592 927 2656; x_wconf 87' lang='lat' dir='ltr'>regnum</span> <span class='ocrx_word' id='word_1_206' title='bbox 949 2571 1010 2635; x_wconf 93' lang='lat' dir='ltr'>tibi</span> <span class='ocrx_word' id='word_1_207' title='bbox 1030 2572 1154 2639; x_wconf 85' lang='lat' dir='ltr'>reddat</span> 
     </span>
    </p>

    <p class='ocr_par' dir='ltr' id='par_1_6' title="bbox 110 2657 1154 2832">
     <span class='ocr_line' id='line_1_29' title="bbox 110 2657 1154 2743; baseline 0.002 -19"><span class='ocrx_word' id='word_1_208' title='bbox 110 2677 126 2724; x_wconf 87' lang='lat'>5</span> <span class='ocrx_word' id='word_1_209' title='bbox 144 2658 216 2725; x_wconf 90' lang='lat' dir='ltr'>Hoc</span> <span class='ocrx_word' id='word_1_210' title='bbox 239 2665 347 2725; x_wconf 90' lang='lat' dir='ltr'>autem</span> <span class='ocrx_word' id='word_1_211' title='bbox 369 2661 457 2725; x_wconf 83' lang='lat' dir='ltr'>brevi</span> <span class='ocrx_word' id='word_1_212' title='bbox 479 2661 623 2725; x_wconf 91' lang='lat' dir='ltr'>futurum</span> <span class='ocrx_word' id='word_1_213' title='bbox 645 2662 727 2724; x_wconf 89' lang='lat' dir='ltr'>ratio</span> <span class='ocrx_word' id='word_1_214' title='bbox 750 2660 919 2743; x_wconf 91' lang='lat' dir='ltr'>promittit.</span> <span class='ocrx_word' id='word_1_215' title='bbox 962 2657 1081 2723; x_wconf 86' lang='lat' dir='ltr'>Bactra</span> <span class='ocrx_word' id='word_1_216' title='bbox 1103 2661 1154 2726; x_wconf 91' lang='lat' dir='ltr'>in-</span> 
     </span>
     <span class='ocr_line' id='line_1_30' title="bbox 144 2746 1153 2832; baseline 0.004 -21"><span class='ocrx_word' id='word_1_217' title='bbox 144 2750 232 2812; x_wconf 86' lang='lat' dir='ltr'>tacta</span> <span class='ocrx_word' id='word_1_218' title='bbox 255 2751 343 2830; x_wconf 88' lang='lat' dir='ltr'>sunt,</span> <span class='ocrx_word' id='word_1_219' title='bbox 364 2746 437 2811; x_wconf 90' lang='lat' dir='ltr'>Indi</span> <span class='ocrx_word' id='word_1_220' title='bbox 460 2751 493 2810; x_wconf 94' lang='lat' dir='ltr'>et</span> <span class='ocrx_word' id='word_1_221' title='bbox 515 2746 613 2811; x_wconf 83' lang='lat' dir='ltr'>Sacae</span> <span class='ocrx_word' id='word_1_222' title='bbox 636 2748 671 2810; x_wconf 93' lang='lat' dir='ltr'>in</span> <span class='ocrx_word' id='word_1_223' title='bbox 692 2751 749 2810; x_wconf 88' lang='lat' dir='ltr'>tua</span> <span class='ocrx_word' id='word_1_224' title='bbox 771 2749 945 2830; x_wconf 89' lang='lat' dir='ltr'>potestate:</span> <span class='ocrx_word' id='word_1_225' title='bbox 969 2749 1020 2811; x_wconf 91' lang='lat' dir='ltr'>tot</span> <span class='ocrx_word' id='word_1_226' title='bbox 1038 2750 1153 2832; x_wconf 88' lang='lat' dir='ltr'>populi</span> 
     </span>
    </p>

    <p class='ocr_par' dir='ltr' id='par_1_7' title="bbox 26 2833 1155 3624">
     <span class='ocr_line' id='line_1_31' title="bbox 26 2833 1153 2919; baseline -0.001 -16"><span class='ocrx_word' id='word_1_227' title='bbox 26 2893 33 2903; x_wconf 77' lang='grc'>.</span> <span class='ocrx_word' id='word_1_228' title='bbox 144 2837 195 2899; x_wconf 86' lang='grc'>111</span> <span class='ocrx_word' id='word_1_229' title='bbox 222 2835 389 2917; x_wconf 86' lang='lat' dir='ltr'>exereitus,</span> <span class='ocrx_word' id='word_1_230' title='bbox 420 2837 470 2897; x_wconf 93' lang='lat' dir='ltr'>tot</span> <span class='ocrx_word' id='word_1_231' title='bbox 493 2835 634 2915; x_wconf 87' lang='lat' dir='ltr'>equitum</span> <span class='ocrx_word' id='word_1_232' title='bbox 655 2833 860 2919; x_wconf 90' lang='lat' dir='ltr'>peditumque</span> <span class='ocrx_word' id='word_1_233' title='bbox 883 2835 972 2898; x_wconf 91' lang='lat' dir='ltr'>milia</span> <span class='ocrx_word' id='word_1_234' title='bbox 995 2835 1035 2898; x_wconf 92' lang='lat' dir='ltr'>ad</span> <span class='ocrx_word' id='word_1_235' title='bbox 1058 2857 1153 2902; x_wconf 89' lang='lat' dir='ltr'>reno·</span> 
     </span>
     <span class='ocr_line' id='line_1_32' title="bbox 144 2920 1152 3006; baseline 0.005 -21"><span class='ocrx_word' id='word_1_236' title='bbox 144 2921 264 2985; x_wconf 84' lang='lat' dir='ltr'>vandas</span> <span class='ocrx_word' id='word_1_237' title='bbox 283 2921 364 2985; x_wconf 87' lang='lat' dir='ltr'>vires</span> <span class='ocrx_word' id='word_1_238' title='bbox 382 2923 496 3003; x_wconf 85' lang='lat' dir='ltr'>parata</span> <span class='ocrx_word' id='word_1_239' title='bbox 512 2920 642 3004; x_wconf 91' lang='lat' dir='ltr'>habent,</span> <span class='ocrx_word' id='word_1_240' title='bbox 664 2925 701 2985; x_wconf 93' lang='lat' dir='ltr'>ut</span> <span class='ocrx_word' id='word_1_241' title='bbox 718 2922 820 2987; x_wconf 91' lang='lat' dir='ltr'>maior</span> <span class='ocrx_word' id='word_1_242' title='bbox 837 2922 913 2986; x_wconf 86' lang='lat' dir='ltr'>belli</span> <span class='ocrx_word' id='word_1_243' title='bbox 927 2924 1028 2988; x_wconf 91' lang='lat' dir='ltr'>moles</span> <span class='ocrx_word' id='word_1_244' title='bbox 1042 2945 1152 3006; x_wconf 87' lang='lat' dir='ltr'>super-</span> 
     </span>
     <span class='ocr_line' id='line_1_33' title="bbox 110 3007 1152 3107; baseline 0.001 -32"><span class='ocrx_word' id='word_1_245' title='bbox 110 3009 200 3089; x_wconf 81' lang='lat' dir='ltr'>osit,</span> <span class='ocrx_word' id='word_1_246' title='bbox 233 3028 328 3107; x_wconf 87' lang='lat' dir='ltr'>quam</span> <span class='ocrx_word' id='word_1_247' title='bbox 355 3008 509 3071; x_wconf 87' lang='lat' dir='ltr'>exhausta</span> <span class='ocrx_word' id='word_1_248' title='bbox 536 3008 587 3072; x_wconf 90' lang='lat' dir='ltr'>sit.</span> <span class='ocrx_word' id='word_1_249' title='bbox 632 3007 715 3084; x_wconf 82' lang='lat' dir='ltr'>Quid</span> <span class='ocrx_word' id='word_1_250' title='bbox 742 3010 864 3073; x_wconf 90' lang='lat' dir='ltr'>ruimus</span> <span class='ocrx_word' id='word_1_251' title='bbox 891 3010 1060 3075; x_wconf 90' lang='lat' dir='ltr'>beluarum</span> <span class='ocrx_word' id='word_1_252' title='bbox 1085 3012 1152 3077; x_wconf 87' lang='lat' dir='ltr'>ritu</span> 
     </span>
     <span class='ocr_line' id='line_1_34' title="bbox 143 3095 1153 3177; baseline 0.004 -18"><span class='ocrx_word' id='word_1_253' title='bbox 143 3096 179 3159; x_wconf 92' lang='lat' dir='ltr'>in</span> <span class='ocrx_word' id='word_1_254' title='bbox 205 3095 379 3177; x_wconf 88' lang='lat' dir='ltr'>perniciem</span> <span class='ocrx_word' id='word_1_255' title='bbox 400 3117 468 3160; x_wconf 92' lang='lat' dir='ltr'>non</span> <span class='ocrx_word' id='word_1_256' title='bbox 490 3095 724 3160; x_wconf 83' lang='lat' dir='ltr'>neeessariam?</span> <span class='ocrx_word' id='word_1_257' title='bbox 768 3096 914 3161; x_wconf 84' lang='lat' dir='ltr'>Fortium</span> <span class='ocrx_word' id='word_1_258' title='bbox 938 3099 1079 3163; x_wconf 84' lang='lat' dir='ltr'>virorum</span> <span class='ocrx_word' id='word_1_259' title='bbox 1101 3103 1153 3163; x_wconf 91' lang='lat' dir='ltr'>est</span> 
     </span>
     <span class='ocr_line' id='line_1_35' title="bbox 110 3182 1153 3283; baseline 0.001 -34"><span class='ocrx_word' id='word_1_260' title='bbox 110 3183 247 3266; x_wconf 66' lang='lat' dir='ltr'>imagis</span> <span class='ocrx_word' id='word_1_261' title='bbox 271 3185 406 3246; x_wconf 90' lang='lat' dir='ltr'>mortem</span> <span class='ocrx_word' id='word_1_262' title='bbox 429 3188 641 3266; x_wconf 89' lang='lat' dir='ltr'>contemnere,</span> <span class='ocrx_word' id='word_1_263' title='bbox 664 3205 759 3283; x_wconf 84' lang='lat' dir='ltr'>quam</span> <span class='ocrx_word' id='word_1_264' title='bbox 780 3184 885 3248; x_wconf 90' lang='lat' dir='ltr'>odisse</span> <span class='ocrx_word' id='word_1_265' title='bbox 903 3185 1012 3249; x_wconf 80' lang='lat' dir='ltr'>vitam.</span> <span class='ocrx_word' id='word_1_266' title='bbox 1047 3182 1153 3270; x_wconf 85' lang='lat' dir='ltr'>Saepe</span> 
     </span>
     <span class='ocr_line' id='line_1_36' title="bbox 144 3270 1152 3357; baseline 0.003 -23.046"><span class='ocrx_word' id='word_1_267' title='bbox 144 3270 249 3334; x_wconf 91' lang='lat' dir='ltr'>taedio</span> <span class='ocrx_word' id='word_1_268' title='bbox 283 3271 402 3335; x_wconf 88' lang='lat' dir='ltr'>laboris</span> <span class='ocrx_word' id='word_1_269' title='bbox 435 3272 475 3335; x_wconf 88' lang='lat' dir='ltr'>ad</span> <span class='ocrx_word' id='word_1_270' title='bbox 505 3271 662 3334; x_wconf 82' lang='lat' dir='ltr'>vilitatem</span> <span class='ocrx_word' id='word_1_271' title='bbox 694 3271 743 3334; x_wconf 88' lang='lat' dir='ltr'>sui</span> <span class='ocrx_word' id='word_1_272' title='bbox 774 3271 962 3354; x_wconf 89' lang='lat' dir='ltr'>conpellunt</span> <span class='ocrx_word' id='word_1_273' title='bbox 963 3294 1000 3335; x_wconf 92' lang='lat' dir='ltr'>ur</span> <span class='ocrx_word' id='word_1_274' title='bbox 1030 3272 1152 3357; x_wconf 81' lang='lat' dir='ltr'>ignavi</span> 
     </span>
     <span class='ocr_line' id='line_1_37' title="bbox 144 3357 1153 3459; baseline 0.004 -38"><span class='ocrx_word' id='word_1_275' title='bbox 144 3357 190 3422; x_wconf 92' lang='lat' dir='ltr'>At</span> <span class='ocrx_word' id='word_1_276' title='bbox 222 3358 302 3421; x_wconf 91' lang='lat' dir='ltr'>nihil</span> <span class='ocrx_word' id='word_1_277' title='bbox 334 3358 435 3422; x_wconf 83' lang='lat' dir='ltr'>virtus</span> <span class='ocrx_word' id='word_1_278' title='bbox 464 3358 664 3441; x_wconf 84' lang='lat' dir='ltr'>inexpertum</span> <span class='ocrx_word' id='word_1_279' title='bbox 694 3358 822 3422; x_wconf 91' lang='lat' dir='ltr'>om1ttit.</span> <span class='ocrx_word' id='word_1_280' title='bbox 871 3357 972 3459; x_wconf 84' lang='lat' dir='ltr'>Atqui</span> <span class='ocrx_word' id='word_1_281' title='bbox 1001 3359 1153 3425; x_wconf 90' lang='lat' dir='ltr'>ultimum</span> 
     </span>
     <span class='ocr_line' id='line_1_38' title="bbox 144 3445 1152 3531; baseline 0.002 -20"><span class='ocrx_word' id='word_1_282' title='bbox 144 3446 286 3512; x_wconf 90' lang='lat' dir='ltr'>omnium</span> <span class='ocrx_word' id='word_1_283' title='bbox 314 3467 401 3511; x_wconf 90' lang='lat' dir='ltr'>mors</span> <span class='ocrx_word' id='word_1_284' title='bbox 428 3449 488 3509; x_wconf 90' lang='lat' dir='ltr'>est:</span> <span class='ocrx_word' id='word_1_285' title='bbox 462 3445 557 3509; x_wconf 89' lang='lat' dir='ltr'>tad</span> <span class='ocrx_word' id='word_1_286' title='bbox 585 3467 680 3529; x_wconf 94' lang='lat' dir='ltr'>quam</span> <span class='ocrx_word' id='word_1_287' title='bbox 706 3467 773 3510; x_wconf 95' lang='lat' dir='ltr'>non</span> <span class='ocrx_word' id='word_1_288' title='bbox 799 3447 892 3531; x_wconf 88' lang='lat' dir='ltr'>pigre</span> <span class='ocrx_word' id='word_1_289' title='bbox 920 3447 966 3509; x_wconf 90' lang='lat' dir='ltr'>ire</span> <span class='ocrx_word' id='word_1_290' title='bbox 989 3447 1068 3512; x_wconf 89' lang='lat' dir='ltr'>satis</span> <span class='ocrx_word' id='word_1_291' title='bbox 1092 3453 1152 3514; x_wconf 86' lang='lat' dir='ltr'>est</span> 
     </span>
     <span class='ocr_line' id='line_1_39' title="bbox 107 3532 1155 3624; baseline 0 -22"><span class='ocrx_word' id='word_1_292' title='bbox 107 3554 125 3602; x_wconf 82' lang='lat'>8</span> <span class='ocrx_word' id='word_1_293' title='bbox 143 3534 281 3599; x_wconf 90' lang='lat' dir='ltr'>Proinde</span> <span class='ocrx_word' id='word_1_294' title='bbox 304 3535 331 3599; x_wconf 91' lang='lat' dir='ltr'>si</span> <span class='ocrx_word' id='word_1_295' title='bbox 353 3532 484 3617; x_wconf 86' lang='lat' dir='ltr'>Bactra,</span> <span class='ocrx_word' id='word_1_296' title='bbox 508 3533 594 3618; x_wconf 89' lang='lat' dir='ltr'>quod</span> <span class='ocrx_word' id='word_1_297' title='bbox 615 3533 812 3598; x_wconf 88' lang='lat' dir='ltr'>tutissimum</span> <span class='ocrx_word' id='word_1_298' title='bbox 833 3533 1070 3617; x_wconf 87' lang='lat' dir='ltr'>receptaculum</span> <span class='ocrx_word' id='word_1_299' title='bbox 1092 3540 1155 3624; x_wconf 85' lang='lat' dir='ltr'>ost,</span> 
     </span>
    </p>
   </div>
   <div class='ocr_carea' id='block_1_4' title="bbox 0 0 1226 3908">
    <p class='ocr_par' dir='ltr' id='par_1_8' title="bbox 0 0 1226 3908">
     <span class='ocr_line' id='line_1_40' title="bbox 0 0 1226 3908; baseline 0 2"><span class='ocrx_word' id='word_1_300' title='bbox 0 0 1226 3908; x_wconf 95' lang='lat' dir='ltr'> </span> 
     </span>
    </p>
   </div>
  </div>
 </body>
</html>
