2444 3908
260 155 513 213 HISTORIARUM
530 155 743 212 ALEXANDBI
761 156 808 227 Vl,
827 164 851 212 6.
997 157 1059 222 129

53 307 185 387 gratum
213 306 271 367 est.
315 299 420 384 Igitur
446 323 487 366 ne
514 301 549 365 in
576 300 768 365 seditionem
795 322 846 365 res
874 303 1112 384 verte1·etur‚1z

54 391 157 454 otium
179 388 448 473 interpellandum
466 393 537 453 erat
558 389 658 472 bello,
682 389 771 453 cuius
792 389 929 452 materia
947 411 1060 472 oppor-
1119 399 1124 407 '

53 483 129 542 tune
157 476 313 541 alebatur.
362 476 511 560 Namque
539 475 657 541 Bessus
689 478 779 540 veste
810 477 901 560 regia
933 480 1062 560 sumpta
1081 498 1113 546 13

52 567 257 630 Artaxerxen
276 563 431 648 appellari
450 586 484 628 se
501 564 640 628 iusserat
658 561 859 647 Scythasque
883 567 916 627 et
938 567 1060 629 ceteros

53 652 173 717 Tanais
197 652 322 717 accolas
352 653 573 717 contrahebat.
618 650 708 716 Haec
731 649 957 716 Satibarzanes
980 673 1060 716 nun·

52 742 172 824 tiabat,
200 762 294 824 quem
317 744 481 823 receptum
509 740 543 803 in
565 739 658 803 fidem
682 739 820 823 regioni,
846 761 942 822 quam
966 743 1062 804 antea

54 829 247 911 obtinuerat,
261 827 425 912 praefecit.
456 828 501 892 Bt
515 849 588 892 cum
602 847 699 911 grave
714 827 826 910 spoliis
841 829 1061 910 apparatuque
1082 849 1115 898 14

54 917 199 981 luxuriae
227 937 344 1001 agmen
371 916 424 980 vix
447 920 642 999 moveretur,
670 937 744 978 suas
766 916 921 999 primum,
947 916 1062 979 deinde

53 1005 156 1071 totius
175 1005 333 1068 exercitus
357 1003 500 1067 sarcinas
521 1003 663 1086 exceptis
681 1003 853 1067 admodum
871 1003 1062 1067 necessariis

54 1092 167 1157 referri
193 1092 290 1156 iussit
316 1093 350 1155 in
373 1092 522 1156 medium.
566 1090 721 1155 Planities
746 1095 890 1175 spatiosa
918 1094 1001 1168 erat,
1028 1091 1062 1155 in
1082 1111 1114 1160 15

55 1201 152 1264 quam
188 1179 337 1244 vehicula
375 1183 490 1243 onusta
525 1179 748 1263 perduxerant.
806 1179 1072 1267 Expectantibus„

56 1268 194 1352 cunctis,
217 1268 294 1351 quid
313 1266 425 1331 deinde
444 1272 530 1332 esset
551 1267 780 1351 imperaturus,
803 1268 945 1331 iumenta
968 1259 1065 1331 iussit

55 1355 170 1419 abduci
197 1356 325 1438 suisque
351 1357 492 1440 primum
521 1356 656 1419 sarcinis
683 1355 753 1420 face
781 1355 912 1419 subdita
939 1358 1062 1420 ceteras

55 1443 181 1507 incendi
216 1444 390 1527 praecepit
444 1443 643 1527 Flagrabant
675 1443 882 1507 exurentibus
915 1442 1063 1528 dominis,
1083 1472 1116 1520 10

55 1553 136 1615 quae
164 1534 201 1595 ut
227 1532 351 1596 intaeta
379 1553 418 1595 ex
444 1532 579 1595 urbibus
606 1531 751 1595 hostium
776 1535 940 1615 raperent,
968 1553 1063 1614 saepe

55 1621 202 1683 flammas
220 1621 449 1697 restinxerant,
468 1619 557 1684 nullo
581 1619 748 1704 sanguinis
766 1620 907 1701 pretium
927 1619 1063 1683 audente

56 1706 184 1790 deflere,
211 1727 283 1769 cum
310 1708 417 1790 regias
445 1728 522 1789 opes
544 1706 629 1771 idem
656 1707 742 1789 ignis
767 1709 921 1770 exureret.
966 1707 1064 1771 Brevi
1084 1735 1116 1784 1⁵1

57 1793 171 1858 deinde
191 1794 275 1857 ratio
298 1793 461 1877 mitigavit
489 1794 633 1858 dolorem
659 1794 846 1877 habilesque
869 1794 1008 1858 militiae
1032 1798 1065 1857 et

57 1881 98 1945 ad
122 1881 231 1946 omnia
254 1881 362 1965 parati
384 1881 590 1945 laetabantur
613 1881 809 1945 sarcinarum
833 1881 943 1964 potius
967 1903 1064 1964 quam

10 1970 246 2054 ppdisciplinae
268 1969 382 2033 fecisse
405 1970 571 2032 iacturam.
606 1967 711 2052 Igitur
732 1968 938 2032 Bactrianam
960 1970 1063 2054 regio·
1085 1999 1117 2048 18

57 2080 131 2122 nem
149 2058 313 2142 petebant.
351 2055 413 2120 Sed
427 2055 583 2140 Nicanor,
602 2057 824 2122 Parmenionis
838 2058 937 2141 filius,
956 2059 1065 2122 subita

56 2150 160 2210 morte
179 2148 345 2228 correptus
363 2166 482 2230 magno
503 2145 658 2210 desiderio
679 2147 728 2209 sui
748 2145 910 2209 adfecerat
924 2149 1065 2210 cunctos.

56 2234 126 2298 Rex
155 2238 230 2298 ante
258 2255 369 2298 omnes
394 2237 534 2298 maestus
562 2235 714 2317 cupiebat
738 2233 867 2317 quidem
891 2234 1064 2298 subsistere
1085 2263 1118 2312 19

57 2322 163 2385 funeri
190 2321 370 2405 adfuturus,
402 2322 459 2385 sed
485 2323 620 2406 penuria
646 2328 881 2388 commeatuum
912 2322 1065 2386 festinare

58 2409 203 2492 cogebat.
248 2409 361 2493 Itaque
383 2409 532 2473 Philotas
560 2432 631 2474 cum
661 2410 783 2474 duobus
810 2409 940 2472 milibus
964 2416 997 2472 et
1019 2427 1064 2474 Dc

57 2497 205 2581 relictus,
227 2500 264 2561 ut
286 2498 373 2560 iusta
394 2497 488 2559 fratri
510 2499 721 2580 persolveret:
745 2498 814 2579 ipse
838 2496 1002 2559 contendit
1025 2498 1065 2560 ad

58 2584 204 2649 Bessum.

146 2672 213 2736 Iter
235 2672 367 2736 facienti
392 2672 421 2734 ei
444 2672 573 2735 litterae
596 2669 787 2752 ¹adferuntur
810 2694 830 2735 a
852 2672 997 2735 finitimis
1017 2695 1064 2737 sa·
1084 2702 1119 2750 20

58 2763 238 2844 traparum,
267 2782 284 2823 e
308 2759 423 2842 quibus
448 2760 613 2842 cognoscit
637 2759 772 2823 Bessum
800 2760 928 2842 quidem
952 2761 1065 2824 hostili

60 2850 169 2912 animo
193 2869 357 2911 occurrere
382 2870 454 2912 cum
478 2849 631 2931 exercitu,
661 2851 799 2911 ceterum
826 2846 1065 2932 Satibarzanen,

60 2957 156 3019 quem
185 2939 351 3017 satrapeae
379 2936 532 3000 Ariorum
560 2938 628 3020 ipse
659 2936 880 3019 praefecisset,
911 2937 1065 3001 defecisse

60 3026 102 3088 ab
130 3045 176 3088 eo.
226 3022 340 3106 Itaque
369 3047 563 3108 quamquam
592 3025 692 3088 Besso
721 3024 924 3108 imminebat,
956 3030 1065 3089 tamen
1084 3055 1116 3100 21

60 3112 291 3177 Satibarzanen
319 3115 565 3196 opprimendum
596 3114 757 3194 praeverti
787 3115 943 3194 optimum
975 3119 1064 3176 ratus

60 3202 163 3265 levem
192 3205 387 3264 armaturam
416 3208 447 3264 et
477 3206 640 3285 equestres
668 3201 776 3282 copias
800 3201 906 3263 educit
932 3205 1064 3283 totaque

59 3296 153 3354 nocte
172 3290 287 3352 itinere
307 3295 436 3354 strenue
459 3290 545 3354 facto
565 3291 747 3372 inprovisus
767 3289 855 3352 hosti
875 3290 1065 3370 supervenit.

60 3375 159 3441 Cuius
174 3380 304 3460 cognito
321 3379 457 3442 adventu
471 3377 694 3442 Satibarzanes
709 3400 781 3441 cum
797 3377 919 3439 duobus
935 3377 1065 3438 milibus
1084 3406 1117 3453 22

60 3465 205 3548 equitum
235 3503 271 3512 —
301 3488 360 3530 nec
391 3468 501 3550 plures
533 3469 638 3530 subito
668 3466 814 3530 contrahi
844 3468 995 3545 poterant
1023 3500 1064 3508 —-

59 3553 180 3618 Bactra
198 3553 353 3637 perfugit,
377 3558 475 3620 ceteri
494 3557 657 3637 proximos
676 3557 801 3617 montes
821 3556 1082 3630 occuparemus.

113 3666 206 3708 eunius
219 3667 301 3708 Rufus.
908 3659 928 3702 ‘b
