2444 3908
251 180 504 237 HISTORIARUM
520 179 734 235 ALEXANDRI
751 179 811 250 VII,
831 187 855 236 9.
876 185 917 234 10.
1022 177 1085 244 179

81 327 168 393 virili
194 348 253 410 par
279 347 346 391 non
373 329 451 394 erat.
495 320 569 407 Ipse
593 320 726 388 Cratero
755 344 826 387 eum
848 323 971 389 maiore
994 326 1087 408 parte
1105 334 1140 385 ιο

83 415 240 480 exercitus
262 413 397 478 modicis
419 412 588 477 itineribus
611 410 701 494 sequi
722 411 811 475 iusso
835 411 875 474 ad
893 411 1104 493 Maracanda

81 503 194 568 urbem
216 502 377 583 enauit,
401 521 440 566 ex
464 521 528 583 qua
549 497 749 582 Spitamenes
772 503 925 582 conperto
906 501 1016 564 oeius
1035 501 1088 565 ad·

81 596 180 657 ventu
197 589 316 654 Bactra
333 552 528 673 perfugerat.
562 586 594 652 I
579 591 676 670 aque
691 583 866 687 quadriduo
884 607 941 651 rex
954 588 1088 690 longum
1106 600 1141 649 ιι

80 679 206 743 itineris
230 699 288 762 spe
290 679 371 741 tium
394 697 541 742 emensus
559 674 776 761 pervenerat
766 696 801 738 ιιι
820 695 892 738 eum
909 674 1064 760 locum,'
1053 698 1088 741 ιιι

46 814 48 818 ⁴
83 789 146 850 quo
164 765 351 831 Menedemo
376 766 453 830 duce
477 763 540 828 duo
560 761 651 827 milia
669 762 812 846 pediturn
831 764 864 826 et
883 777 946 828 ccc
965 764 1087 847 equites

84 855 243 919 amiserat
279 853 404 918 Horum
422 873 495 916 ossa
512 852 636 915 tumulo
655 851 785 935 contegi
799 850 896 915 iussit
909 855 943 916 ct
955 850 1087 916 inferias

83 964 172 1007 more
192 946 250 1026 pat
251 940 299 1006 rio
322 939 419 1005 dedit.
460 937 531 1003 Iam
555 937 705 1004 Craterus
733 960 806 1004 eum
833 937 994 1024 phalange
1016 939 1088 1004 sub·
1107 953 1142 1003 ιι

84 1031 174 1114 sequi
196 1030 302 1093 iussus
330 1027 371 1092 ad
397 1047 507 1112 regem
529 1029 728 1110 pervenerat.
768 1026 883 1112 Itaque
905 1030 943 1091 ut
969 1049 1090 1111 omnes,

84 1120 138 1202 qui
161 1116 356 1194 defecerant,
378 1115 502 1198 pariter
524 1114 603 1179 belli
622 1113 712 1179 clade
729 1118 957 1200 premerentur,
981 1116 1089 1200 copias

85 1205 199 1269 dividit
220 1204 334 1287 urique
358 1223 453 1289 agros
478 1205 511 1268 et
533 1202 670 1268 interfici
696 1203 832 1287 puberes
856 1203 956 1269 iubet.

516 1358 596 1426 Gur.
618 1359 658 1425 X.

31 1474 73 1540 39
173 1465 334 1553 Sogdiana
350 1466 441 1568 regio
455 1466 577 1532 maiore
596 1487 634 1530 ex
652 1469 727 1550 part
728 1487 745 1530 e
763 1466 959 1532 desertet
909 1469 971 1533 est:
991 1468 1089 1533 octin-
1110 1481 1124 1528 1

83 1559 181 1642 genta
146 1557 265 1621 tafere
288 1554 425 1621 stadia'
416 1576 451 1618 ur
473 1555 548 1618 latit
548 1553 678 1618 udinem
701 1558 812 1619 vastae
833 1554 1024 1620 solitudines
1042 1559 1088 1620 te-

82 1648 172 1709 nent.
216 1644 335 1727 Ingens
359 1641 502 1792 spatium
523 1645 630 1707 rectae
653 1643 795 1726 regionis
818 1646 881 1724 est,
908 1664 965 1726 per
991 1658 1122 1727 quama

84 1731 250 1795 amnis—
272 1730 503 1813 Polytimetum
521 1731 665 1794 vocant
656 1730 741 1793 1ncol
742 1751 840 1794 ae—
865 1728 975 1794 fertur.
1012 1729 1090 1796 Tor·

84 1821 208 1882 rentem
237 1839 309 1883 eum
335 1817 425 1900 ripae
452 1817 486 1880 in
508 1819 638 1881 tenuem
661 1817 787 1881 alveum
814 1821 947 1900 cogunt,
976 1817 1089 1881 deinde

85 1926 222 1971 caverna
245 1904 363 1988 accipit
386 1908 419 1969 et
445 1906 505 1969 sub
527 1908 647 1968 terram
674 1905 770 1988 rapit.
815 1901 935 1969 Oursus
959 1904 1125 1969 abscon-3

85 1994 145 2059 diti
176 1993 328 2058 indicium
359 1996 409 2058 est
440 2014 541 2076 aquae
570 1993 709 2057 meantis
739 2013 850 2077 sonus,
882 2013 955 2057 cum
981 1992 1090 2076 ipsum

85 2083 204 2166 solum,
227 2081 286 2146 sub
312 2102 374 2164 quo
397 2084 470 2146 tant
470 2103 507 2145 us
527 2080 631 2145 amnis
649 2080 734 2164 fluit,
756 2101 797 2146 ne
815 2079 941 2146 modico
961 2081 1090 2165 quidem

82 2171 212 2236 resudet
234 2169 378 2234 humore.
422 2168 473 2232 Ex
496 2167 633 2253 captivis
656 2129 892 2272 Sogdianorum
916 2169 957 2234 ad
980 2182 1126 2254 regem4

84 2276 157 2324 xxx
169 2257 366 2322 nobilissimi
381 2278 550 2340 corporum
563 2257 679 2321 robore
693 2258 810 2323 eximio
823 2258 969 2342 perducti
983 2263 1089 2324 erant:

85 2347 140 2431 qui
161 2355 195 2411 ot
217 2367 274 2429 per
301 2347 509 2428 interpretem
536 2346 977 2429 cognoverunt1ussuregis
1000 2347 1089 2430 ipsos

85 2434 124 2499 ad
147 2433 341 2518 supplicium
363 2432 464 2515 trahi,
492 2453 621 2497 carmen
643 2432 834 2496 laetantium
857 2432 953 2498 modo
976 2454 1090 2498 canere

83 2521 296 2605 tripudiisque
316 2523 349 2584 et
366 2519 530 2585 lasciviori
548 2519 691 2601 corporis
710 2523 802 2583 motu
820 2520 974 2603 gaudium
992 2521 1090 2604 quod·

84 2610 158 2673 dam
181 2609 282 2673 animi
305 2609 467 2672 ostentare
486 2610 668 2706 coeperunt.
646 2606 900 2671 tAdmiratus
925 2608 1001 2688 [est]
1024 2620 1124 2687 rex,5

82 2701 177 2761 tanta
208 2692 431 2779 magnitudine
463 2693 563 2758 animi
594 2697 745 2777 oppetere
777 2698 914 2759 mortem
944 2699 1090 2762 revocari

84 2806 139 2849 eos
162 2783 270 2865 iussit,
298 2803 428 2847 causam
451 2784 520 2845 tam
543 2780 662 2846 effusae
685 2781 788 2846 laetit'
764 2787 843 2862 t,1ae
873 2804 945 2848 curn
968 2786 1090 2869 suppli·
1159 2838 1163 2845 .

84 2872 170 2934 cium
194 2874 269 2934 ante
293 2868 786 2954 oculoshaberent,requirens.
829 2833 1005 2956 llli,s1ab
1025 2875 1125 2938 alioe

84 2957 313 3040 occiderentur,
335 2957 446 3022 tristes
465 2958 641 3022 morituros
658 2958 759 3022 fuisse
777 2960 983 3044 respondent
1005 2984 1091 3026 nune

83 3048 213 3111 atauto
236 3065 323 3129 rege,
346 3045 410 3110 vict
412 3067 467 3111 ore
486 3047 632 3110 omnium
651 3045 805 3129 gentium,
826 3049 1004 3113 maioribus
1023 3052 1090 3114 suis

83 3134 225 3200 redditos
244 3133 416 3198 honestam
435 3138 583 3216 mortem,
602 3156 697 3218 quam
716 3135 817 3199 fortes
835 3136 899 3200 viri
917 3141 993 3202 voto
1013 3160 1090 3222 quo·

82 3245 144 3308 que
173 3226 374 3308 expeterent,
402 3222 596 3288 carminibus
625 3222 675 3286 sui
702 3223 800 3287 moris
829 3225 1017 3308 laetitiaque
1041 3247 1089 3289 ee·
1117 3277 1119 3280 ,

83 3312 219 3377 labrare.
272 3310 355 3376 Tum
384 3333 441 3375 rex
477 3310 652 3375 admiratus
688 3313 943 3396 magnitudinem
982 3311 1126 3395 animia

83 3397 235 3483 Quaero,
267 3400 386 3484 inquit,
419 3421 461 3463 an
488 3399 594 3463 vivere
622 3399 727 3463 velitis
757 3421 823 3464 non
851 3399 973 3463 inimici
1001 3399 1091 3483 mihi,

84 3487 173 3552 cuius
196 3488 353 3552 beneficio
377 3487 495 3552 victuri
514 3485 625 3552 estisl'
666 3487 722 3551 Illi
740 3510 914 3571 numquam
933 3509 968 3552 se
986 3486 1090 3552 inimi-
1108 3494 1138 3557 8.

83 3596 139 3640 cos
159 3575 198 3653 ei,
217 3575 272 3640 sed
291 3576 377 3641 bello
396 3575 565 3641 lacessitos
583 3575 694 3641 hostes
715 3575 813 3639 fuisse
832 3576 1043 3659 respondente
1062 3580 1101 3640 si
1142 3570 1145 3575 ’

890 3678 947 3730 m*
1007 3696 1009 3698 ·
