2444 3908
151 142 218 206 224
523 140 555 205 Q.
576 140 686 196 cURTI
702 140 789 196 RUFI

151 284 246 372 guius
260 285 355 348 belua
368 283 522 348 instincta
540 285 638 368 rabie,
656 284 798 348 nondum
812 282 930 367 saucia,
947 282 1169 348 invehebatur

152 373 326 456 ordinibus,
349 371 448 436 donec
466 375 572 436 rector
590 373 703 437 beluae
720 392 831 456 regem
848 372 1018 454 conspexit
1036 371 1168 436 fluenti-

151 462 212 526 bus
240 460 395 524 membris
419 460 610 544 omissisque
633 460 731 524 armis
753 460 808 524 vix
830 463 1012 542 compotem
1036 462 1168 525 mentis.

99 554 134 603 34
153 548 234 613 Tum
262 549 392 613 beluam
419 549 454 612 in
476 548 589 630 fugam
616 549 758 613 eoncitat
785 551 937 631 sequente
960 545 1167 614 Alexandror

154 637 209 701 sed
237 657 336 721 equus
366 635 433 701 eius
460 637 573 701 multis
595 636 779 701 vulneribus
803 635 972 700 confossus
1000 635 1167 700 deficiens·

153 746 214 810 que
240 723 424 808 procubuit,
451 725 559 807 posito
586 725 692 806 magis
718 743 795 806 rege
822 745 919 806 quam
942 722 1053 788 effuso.
1099 723 1166 789 Ita·

101 817 136 866 35
156 835 226 897 que,
245 812 321 876 dum
341 834 458 895 equum
477 816 592 894 mutat,
609 812 731 876 tardius
750 811 912 875 insecutus
931 813 989 875 est.
1025 810 1165 877 Interim

154 901 256 965 frater
269 900 404 981 Taxilis,
421 901 509 984 regis
527 898 691 984 Indorum,
708 900 906 983 praemissus
921 899 962 963 ab
976 898 1164 966 Alexandro

154 1009 284 1055 monere
307 989 414 1071 coepit
436 987 565 1071 Porum,
586 1009 627 1051 ne
650 988 764 1052 ultima
788 986 925 1069 experiri
942 993 1166 1070 perseveraret

101 1081 135 1130 36
154 1077 346 1160 dederetque
374 1097 408 1140 se
435 1075 561 1140 victori.
605 1074 652 1140 At
673 1076 742 1159 ille,
770 1096 964 1159 quamquam
987 1077 1165 1141 exhaustae

154 1169 246 1229 erant
276 1165 362 1228 vires
394 1163 623 1247 deficiebatque
657 1162 803 1247 sanguis,
836 1166 945 1226 tamen
978 1164 1018 1226 ad
1050 1169 1165 1229 notam

153 1273 266 1316 vocem
289 1252 460 1335 excitatus,
483 1249 691 1336 ‘Adgnosco'‚
714 1251 834 1334 inquit,
857 1249 991 1315 ‘Taxilis
1017 1251 1165 1335 fratrem,

153 1338 530 1491 ttsstttttttt
546 1337 1166 1495 {ttlsst'ttllffletmtltff

101 1521 135 1571 3⁷
154 1514 243 1578 dium
270 1516 382 1597 pectus
408 1476 592 1597 penetr'avit
619 1515 659 1579 ad
685 1517 822 1599 tergum.
866 1449 940 1579 lloqo
961 1449 1078 1580 ultiluo
1100 1518 1163 1582 rir-

153 1603 235 1666 tutis
259 1623 354 1685 opere
377 1602 464 1666 edito
487 1603 598 1687 fugere
622 1602 725 1666 aerius
749 1603 868 1686 eoepit,
891 1603 948 1666 sed
971 1605 1162 1687 elephantus

154 1712 294 1775 quoque,
322 1690 377 1774 qui
399 1691 503 1755 multa
526 1695 694 1774 exceperat
716 1691 796 1772 tela,
825 1690 1004 1757 deficiebat.
1048 1691 1162 1776 Itaque

100 1779 243 1844 assistit
269 1779 381 1863 fugam
408 1779 611 1864 peditemque
639 1780 785 1863 sequenti
811 1779 900 1843 hosti
926 1780 1052 1846 obiecit
1092 1781 1161 1846 Iam

153 1866 336 1931 Alexander
360 1871 549 1932 consecutus
577 1871 647 1932 erat
676 1872 709 1931 et
735 1867 912 1949 pertinacia
934 1867 1010 1932 Pori
1032 1871 1163 1954 cognita

154 1956 287 2020 vetabat
313 1956 538 2021 resistentibus
561 1956 660 2037 parci.
709 1954 798 2038 Ergo
825 1954 965 2039 undique
994 1959 1027 2021 et
1053 1958 1088 2021 in
1110 1979 1163 2041 pe·

24 2117 28 2122 ,
155 2043 237 2107 dites
273 2045 305 2106 et
335 2043 370 2107 in
396 2045 503 2126 ipsum
534 2042 654 2107 Porum
684 2043 751 2106 tela
784 2047 939 2126 congesta
971 2048 1059 2128 sunt,
1091 2045 1162 2128 quis

101 2149 135 2196 aa
154 2130 284 2194 tandem
306 2134 459 2214 gravatus
479 2130 546 2195 labi
565 2152 603 2194 ex
621 2130 718 2194 belua
736 2132 849 2213 coepit.
884 2131 996 2215 Indus,
1024 2134 1078 2216 qui
1101 2133 1162 2197 ele-

153 2218 314 2300 phantum
340 2218 486 2302 regebat,
515 2218 706 2282 descendere
734 2239 807 2282 eum
834 2222 923 2284 ratus
952 2241 1041 2283 more
1064 2220 1160 2285 solito

155 2305 363 2388 elephantum
376 2305 584 2389 procumbere
601 2305 697 2370 iussit
714 2305 749 2370 in
768 2325 886 2388 genua:
906 2307 962 2390 qui
980 2310 1017 2370 ut
1034 2328 1068 2370 se
1086 2309 1159 2372 sub·

153 2393 257 2476 misit,
289 2394 386 2458 ceteri
414 2415 541 2478 quoque
570 2429 608 2439 -
638 2393 686 2457 ita
714 2393 800 2457 enim
828 2395 971 2458 instituti
999 2398 1091 2458 erant
1119 2431 1161 2442 -

154 2482 310 2546 demisere
342 2503 477 2565 corpora
508 2483 542 2545 iu
574 2485 703 2546 terram.
751 2481 801 2546 ua
832 2503 883 2545 res
916 2485 950 2546 et
976 2481 1096 2547 Porum
1128 2487 1161 2547 et

101 2588 136 2637 40
155 2575 277 2636 eeteros
301 2571 477 2635 victoribus
500 2570 642 2634 tradidit.
686 2569 756 2633 Rex
779 2569 914 2651 spoliari
936 2591 1051 2653 corpus
1074 2569 1161 2651 Pori,
1170 2567 1208 2633 51

153 2660 383 2742 interemptum
411 2674 480 2722 esse
507 2659 651 2739 credens,
682 2657 772 2720 iubet
799 2659 844 2735 et,
872 2657 928 2740 qui
955 2656 1162 2722 detraherent

153 2746 288 2811 loricam
314 2750 515 2828 vestemque,
542 2765 742 2809 concurrere:
773 2765 845 2808 oum
872 2745 968 2809 belua
995 2746 1162 2811 dominum

153 2834 239 2897 tueri
261 2835 294 2897 et
316 2833 491 2917 spoliantes
515 2833 621 2916 coepit
643 2832 794 2915 adpetere
816 2832 1021 2916 levatumque
1043 2854 1160 2918 corpus

154 2921 222 2984 eius
249 2943 360 2985 rursus
388 2921 482 2985 dorso
511 2941 568 2985 suo
595 2921 756 3003 inponere.
806 2919 897 3004 Ergo
919 2921 993 2985 telis
1020 2921 1161 3006 undique

155 3008 303 3073 obruitur
325 3008 536 3091 confossoque
556 3030 593 3072 eo
614 3009 649 3071 in
667 3008 849 3073 vehiculum
866 3007 968 3073 Porus
986 3011 1161 3093 inponitur.

102 3115 135 3163 41
156 3096 257 3173 Quem
284 3119 340 3160 rex
362 3099 399 3160 ut
420 3096 503 3160 vidit
526 3096 727 3160 adlevantem
755 3096 879 3178 oeulos,
905 3118 971 3162 non
994 3098 1082 3183 odio,
1105 3098 1161 3163 sed

154 3185 362 3249 miseratione
386 3188 579 3267 commotus,
602 3183 716 3268 'Quae
739 3183 880 3268 malum’,
902 3184 1023 3270 inquit,
1041 3185 1160 3250 ‘amen-

154 3274 203 3338 tia
229 3276 262 3337 te
290 3273 398 3357 coegit
424 3294 531 3336 rerum
554 3293 699 3336 mearum
722 3273 851 3356 cognita
873 3273 961 3338 fama
990 3274 1069 3340 belli
1095 3275 1158 3340 for·

154 3366 266 3426 tunam
290 3360 442 3444 experiri,
464 3382 536 3425 cum
560 3360 681 3425 Taxilis
705 3363 790 3424 esset
817 3360 852 3424 in
874 3360 1001 3427 deditos
1024 3364 1160 3429 elemen-

101 3468 135 3516 42
153 3451 219 3514 tiae
242 3471 332 3514 meae
355 3453 423 3512 tam
446 3449 662 3531 propinquum
684 3449 746 3512 tibi
768 3448 987 3531 exemplum?'
1032 3450 1079 3516 At
1096 3451 1162 3534 ille,

154 3535 355 3622 ‘Quoniam'‚
381 3537 499 3621 inquit,
526 3534 754 3619 percontaris,
781 3537 980 3619 respondebo
1004 3559 1043 3604 ea
1065 3539 1162 3604 liber·
