2444 3908
139 141 202 206 166
508 138 540 205 Q.
560 139 670 194 CUBTI
687 138 774 193 RUFI

136 285 261 350 remisit
289 284 429 349 domum.
479 280 602 360 Ceteris
631 282 756 367 gratiae
785 284 889 366 actae,
917 281 1004 366 quod
1033 281 1080 347 ad
1108 304 1157 348 re·

137 375 226 457 liqua
258 373 339 437 belli
373 374 549 437 navaturos
587 393 718 454 operam
753 370 1001 454 pollicebamur.
1054 369 1157 452 [Tum

83 483 118 531 aa
137 462 255 526 Bessus
269 461 476 544 perducitur]
513 458 706 524 Perventum
730 461 800 523 erat
785 459 847 522 tin
864 457 1041 541 parvulum
1063 461 1156 543 oppi-

137 551 225 615 dum:
247 547 494 613 Branchidae
466 569 534 612 erus
556 547 680 612 incolae
705 549 806 611 erant
845 544 959 610 Mileto
982 547 1155 651 quondam

135 639 226 703 iussu
243 637 374 717 Xerxis,
397 658 470 701 cum
493 658 510 701 e
529 634 665 700 Graecia
684 635 818 719 rediret,
839 635 1041 699 transierant
1060 637 1130 700 11
1119 658 1155 702 11

137 748 175 791 11
201 727 274 790 sede
298 687 522 805 constiterant,
550 724 627 807 quia
652 724 825 806 templum,
854 722 939 807 quod
962 716 1155 806 Didymeon

83 835 117 884 29
137 815 377 966 appellatur,
367 835 403 878 m
439 773 579 897 gratiam
614 810 730 875 Xerxis
766 811 977 876 violaverant.
1038 810 1154 878 Mores

135 903 234 987 patrii
262 902 405 968 nondum
432 901 649 965 exoleverant:
677 898 768 962 sed'
758 920 825 962 ram
852 898 1018 982 bilingues
1046 905 1155 986 erant,

135 990 294 1092 paulatim
305 1011 324 1053 a
335 989 511 1054 domestico
522 992 653 1054 externo
664 1007 809 1052 sermone
822 986 1007 1072 degeneres.
1025 986 1153 1075 Magno

136 1081 170 1142 ic
149 1080 237 1161 gitur
264 1078 382 1161 gaudio
409 1096 520 1159 regem
542 1076 706 1178 excipiunt
727 1075 839 1140 urbem
863 1095 960 1159 seque
983 1075 1153 1143 dedentes.

136 1166 197 1230 1111
224 1164 381 1247 Milesios,
411 1164 467 1247 qui
499 1165 625 1246 apud
615 1186 723 1247 rpsum
750 1163 942 1246 militarent,
974 1165 1153 1231 convocari

84 1273 118 1320 31
136 1254 234 1316 iubet.
270 1250 372 1316 Vetus
391 1251 500 1316 odium
517 1251 638 1316 Milesii
660 1252 817 1335 gerebant
835 1251 870 1315 in
887 1250 1153 1319 Branchidarum

137 1343 275 1422 gentem.
326 1339 468 1403 Proditis
501 1360 591 1423 ergo,
623 1339 691 1404 sire
721 1339 871 1419 iniuriae,
905 1338 973 1404 sire
1007 1341 1152 1425 originis

136 1428 319 1491 meminisse
346 1427 492 1510 mallent,
523 1427 659 1491 liberum
691 1426 731 1491 de
757 1426 950 1493 Branchidis
980 1430 1152 1512 permittit

83 1535 116 1582 31
137 1515 316 1580 arbitrium.
348 1514 559 1580 Variantibus
579 1514 691 1578 deinde
709 1515 879 1580 sententiis
898 1536 932 1579 se
950 1515 1061 1598 ipsum
1076 1537 1152 1584 con·

135 1603 361 1688 sideraturum,
375 1602 453 1686 quid
462 1603 620 1685 optimum
632 1602 722 1666 factu
733 1608 827 1688 esset,
840 1603 991 1668 ostendit.
1009 1602 1151 1671 Postero

136 1691 187 1756 die
215 1691 456 1756 occurrentibus
484 1690 674 1754 Branchidis
702 1711 810 1755 secum
839 1691 1013 1774 procedere
1046 1692 1149 1758 iubet.

136 1778 279 1864 Cumque
305 1779 346 1844 sd
373 1779 487 1844 urbem
514 1782 646 1843 rentum
672 1781 769 1862 esset,
797 1779 866 1862 ipse
894 1800 967 1843 cum
993 1780 1149 1864 expedita

82 1887 115 1935 aa
134 1890 231 1932 manu
254 1873 383 1952 portam
401 1867 517 1933 intrat:
539 1866 682 1950 phalanx
699 1867 826 1931 moenia
843 1866 955 1950 oppidi
976 1867 1149 1934 circumire

133 1957 222 2021 iussa
250 1961 283 2021 et
310 1957 385 2020 dato
418 1955 511 2040 signo
542 1955 680 2038 diripere
705 1954 830 2036 urbem,
861 1954 1069 2037 proditorum
1099 1978 1148 2022 re·

81 2063 114 2111 33
135 2044 349 2126 ceptaculum,
376 2043 528 2127 ipsosque
556 2044 596 2107 ad
619 2064 718 2106 unum
740 2042 881 2106 caedere.
925 2040 1014 2106 Illi
1003 2064 1148 2111 mermes

133 2132 256 2215 passim
288 2130 450 2194 trucidant
436 2133 490 2194 tur
520 2151 580 2194 nec
611 2133 668 2194 aut
701 2130 892 2195 commercio
923 2120 1058 2214 linguae
1090 2136 1149 2198 aut

134 2217 315 2301 supplicum
342 2217 532 2281 velamentis
559 2201 770 2300 precibusque
796 2216 937 2282 inhiberi
964 2218 1147 2287 crudelitas

133 2307 250 2388 potest
295 2303 515 2388 Tandem,ut
500 2304 712 2387 tdeicerent,
739 2304 949 2369 fundamenta
976 2326 1148 2373 murorum

134 2392 208 2458 ab
199 2413 270 2457 1111
293 2391 482 2474 moliuntur,
509 2413 550 2456 ne
577 2391 663 2475 quod
689 2354 779 2457 rirbis
806 2393 980 2478 vestigium
1007 2398 1148 2462 extaret

80 2500 114 2548 34
132 2481 274 2547 Nemora
305 2501 432 2565 quoque
462 2442 615 2564 lucosque
643 2500 750 2544 sacros
777 2501 843 2545 111
870 2481 1009 2545 caedunt
1036 2484 1147 2570 modo,

133 2570 189 2634 sed
208 2571 305 2634 etiam
315 2570 535 2721 textirpant,u
514 2571 658 2633 utrasta
672 2568 865 2633 solitudot
832 2571 865 2632 et
883 2568 1005 2634 sterilis
1023 2535 1147 2673 humus

80 2676 112 2722 11
134 2658 273 2721 excussis
297 2658 395 2721 etiam
417 2657 580 2722 radicibus
598 2657 760 2740 linqueret
759 2677 807 2720 ur.
844 2654 978 2731 Quae
951 2677 981 2721 s1
998 2657 1034 2722 in
1052 2659 1165 2743 ipsos.

131 2744 324 2826 proditionis
343 2747 492 2810 auctores
511 2745 660 2829 excogita
660 2747 696 2809 a
713 2747 833 2828 essent,
853 2745 940 2808 iusta
957 2744 1044 2810 11111
1064 2769 1147 2830 esse,

131 2853 196 2895 non
211 2831 382 2895 crudelitas
400 2832 574 2896 rideretur:
592 2852 677 2896 nunc
695 2833 822 2914 culpam
840 2833 999 2896 maiorum
1016 2838 1147 2915 posteri

130 2919 233 3001 luere,
256 2919 311 3003 qui
333 2939 373 2983 ne
397 2919 544 2984 viderant
567 2919 694 3004 quidem
713 2917 875 3004 Miletum,
898 2919 969 2985 ideo
990 2924 1024 2985 et
1041 2920 1148 2989 Xerxi

131 3027 198 3070 non
220 3010 394 3089 potuerant
416 3007 559 3090 prodere.

78 3114 111 3162 31
219 3092 297 3158 lnde
315 3096 473 3177 processit
491 3096 530 3159 ad
549 3094 684 3160 Tanaim
703 3116 838 3160 amnem.
877 3094 946 3171 Quo
965 3096 1146 3181 perductus
1156 3096 1193 3162 24

132 3185 182 3246 est
195 3181 314 3247 Bessus
328 3204 395 3246 non
409 3182 496 3248 rinet
482 3187 534 3248 tus
549 3184 653 3267 modo,
669 3184 726 3248 sed
740 3183 838 3248 etiam
852 3184 942 3248 omni
956 3186 1147 3255 velamento

131 3272 275 3354 corporis
300 3271 467 3354 spoliatus.
509 3269 709 3354 Spitamenes
733 3293 807 3336 eum
829 3272 962 3337 tenebat
984 3273 1107 3340 collo
1095 3297 1147 3342 m·

131 3363 218 3424 serta
237 3363 288 3424 eat
290 3380 363 3444 ena,
385 3363 454 3422 tam
477 3359 625 3424 barbaris
644 3381 740 3443 quam
759 3358 989 3425 Macedonibus
1010 3367 1148 3446 gratum

77 3467 110 3516 ar
131 3452 220 3530 spect
206 3448 358 3513 taculum.
403 3445 485 3511 Tum
519 3445 735 3530 Spitamenes,
771 3446 827 3512 111
858 3446 903 3512 te’
903 3448 1065 3535 ,inquit
1099 3449 1148 3519 et

129 3535 284 3622 Dareum,
311 3555 405 3620 reges
432 3556 535 3620 meos,
561 3535 611 3600 111
597 3540 711 3600 tusm
677 3497 916 3600 mterfectoreni
944 3500 1071 3604 domini
1094 3541 1149 3607 sui
