2408 3944
213 110 214 115 ‘
261 135 513 193 nrsroamaun
531 137 745 192 1111111111
762 137 810 206 m,
830 144 872 197 10.
1011 138 1073 203 141

68 304 141 348 cum
173 281 340 366 quaerenti
372 281 476 346 socios
506 282 559 345 vel
589 281 672 346 falso
705 281 822 346 fuerim
851 283 1076 368 nominandus,

69 391 131 455 quo
162 370 305 451 facilius,
333 369 387 452 qui
409 370 643 452 temptabatur,
673 375 785 452 posset
816 371 951 453 inpelli?
1000 371 1110 442 Noni

69 459 153 522 enim
167 456 294 521 detecto
309 456 451 521 facinore
464 477 582 522 nomen
596 478 703 521 meum
717 459 894 543 praeteriit,
911 462 948 523 ut
964 463 1077 543 posset

68 544 169 611 videri
197 545 283 610 socio
310 545 506 628 pepercisse:
539 543 752 629 Nicomacho,
780 568 876 630 quem
903 547 1076 613 taciturum

68 655 184 698 arcana
211 631 250 696 de
277 633 450 716 semetipso
482 631 633 698 credebat
660 634 839 718 confessus,
872 635 945 699 aliis
974 637 1076 700 nomi-

67 722 155 786 natis
186 741 237 784 me
263 742 362 784 unum
395 720 617 785 subtrahebat.
663 720 803 805 Quaeso,
831 722 1110 806 commilitones,8

69 809 96 872 si
120 806 291 873 Cebalinus
317 830 367 872 me
394 830 460 873 non
483 808 617 891 adisset,
646 809 729 873 nihil
757 832 808 874 me
836 808 874 874 de
903 811 1077 875 coniuratis

70 897 151 961 scire
173 895 344 979 voluisset,
371 917 449 960 num
475 896 571 961 hodie
595 898 734 961 dicerem
757 919 886 962 causam
912 897 1002 962 nullo
1026 921 1078 962 me

67 983 277 1050 nominante?
317 981 462 1067 Dymnus
491 1005 566 1048 sane
592 984 642 1070 (ut
669 986 792 1049 viveret
816 985 947 1069 adhucl)
977 986 1111 1054 vellete

68 1073 148 1137 mihi
179 1092 322 1156 parcere:
354 1071 430 1155 quid
460 1071 580 1136 ceteri?
613 1072 669 1155 qui
701 1073 740 1136 de
767 1094 801 1137 se
832 1073 1077 1153 confitebuntur,

69 1182 120 1225 me
137 1160 289 1224 videlicet
307 1159 513 1224 subtrahenti
541 1159 686 1244 Maligna
704 1165 754 1225 est
772 1162 940 1225 calamitas
960 1164 993 1225 et
1009 1161 1077 1226 fere

68 1249 197 1331 noxius,
221 1269 294 1312 cum
312 1269 370 1312 suo
390 1247 549 1331 supplicio
568 1249 740 1332 crucietur,
764 1248 943 1332 adquiescit
962 1249 1076 1314 alieno.

68 1334 132 1400 Tot
155 1336 276 1400 conscii
295 1357 355 1400 nec
377 1336 411 1400 in
434 1336 578 1400 eculeum
601 1335 729 1420 quidem
752 1336 886 1420 inpositi
903 1359 1014 1402 verum
1032 1337 1077 1402 fa·
1097 1356 1130 1404 10

68 1423 243 1489 tebuntur?
288 1422 390 1507 Atqui
412 1445 506 1488 nemo
534 1426 639 1506 parcit
661 1424 819 1490 morituro
847 1445 905 1488 nec
929 1426 1078 1510 cuiquam

15 1526 58 1589 38
69 1513 258 1595 moriturus,
280 1515 318 1575 ut
340 1512 462 1594 opinor.
505 1511 558 1575 Ad
579 1533 691 1575 verum
714 1513 836 1576 crimen
860 1516 892 1577 et
915 1514 955 1578 ad
978 1536 1078 1577 unum
1099 1532 1129 1579 11

67 1600 291 1665 revertendum
310 1599 391 1663 mihi
409 1603 472 1663 est:
493 1621 635 1664 currem
653 1600 795 1663 delatam
814 1600 855 1664 ad
873 1604 905 1665 te
924 1601 1078 1666 tacuisti?

69 1710 125 1753 cur
142 1692 212 1752 tam
232 1708 360 1751 securus
380 1686 519 1751 audisti?
564 1687 644 1768 Hoc,
668 1687 899 1770 qualecumque
918 1691 982 1771 est,
1005 1710 1079 1753 con·

69 1775 155 1838 fesso
175 1774 269 1856 mihi,
291 1775 481 1856 ubicumque
500 1795 548 1857 es,
566 1774 760 1856 Alexander,
782 1775 948 1839 remisisti:
972 1777 1079 1840 dexte-

69 1884 140 1926 ram
157 1866 248 1926 tuam
264 1861 438 1944 amplexus,
456 1861 656 1926 reconciliati
674 1862 792 1945 pignus
808 1862 917 1944 animi,
932 1864 1079 1927 convivio

71 1971 198 2034 quoque
221 1949 362 2014 interfui.
397 1945 431 2012 Si
450 1948 614 2013 credidisti
637 1948 730 2031 mihi,
754 1949 922 2013 absolutus
947 1972 1031 2032 sum,
1051 1951 1080 2014 si
1100 1969 1132 2016 12

70 2037 256 2122 pepercisti,
283 2037 446 2102 dimissus:
474 2037 526 2102 vel
553 2036 707 2100 iudicium
733 2039 826 2100 tuum
850 2059 950 2102 serva.
997 2037 1080 2112 Quid

69 2127 132 2192 hac
157 2126 303 2209 proxima
325 2129 433 2208 noete,
461 2147 526 2208 qua
553 2124 715 2207 digressus
744 2145 816 2189 sum
839 2147 859 2188 a
881 2146 992 2190 mensa
1013 2129 1079 2204 tua,

69 2213 152 2280 feci?
190 2214 275 2298 quod
310 2235 432 2278 novum
467 2213 591 2277 facinus
625 2212 766 2277 delatum
802 2212 843 2277 ad
874 2217 907 2278 te
942 2214 1081 2278 mutavit

36 2384 41 2388 ,
71 2303 213 2367 animum
237 2301 353 2366 tuum?
390 2300 489 2365 Gravi
513 2322 627 2384 sopore
650 2301 909 2386 adquiescebam,
933 2324 1005 2367 cum
1029 2324 1080 2366 me

71 2390 165 2454 malis
179 2391 426 2455 indormientem
440 2389 520 2453 meis
534 2389 658 2452 inimici
669 2389 837 2453 vinciendo
852 2390 1080 2454 excitaverunt.

71 2477 164 2543 Unde
188 2483 221 2543 et
243 2478 423 2561 parricidae
442 2481 475 2541 et
492 2476 651 2558 proditori
673 2478 742 2539 tam
761 2477 820 2540 alti
839 2477 928 2559 quies
949 2477 1077 2540 somni?
1099 2496 1131 2544 13

71 2564 227 2632 Scelerati
250 2565 448 2630 conscientia
468 2565 674 2645 obstrepente
697 2562 896 2627 condormire
919 2585 984 2627 non
1007 2574 1080 2646 pos*
1101 2583 1133 2631 14

72 2658 160 2720 sunt:
189 2655 317 2738 agitant
340 2674 394 2716 eos
417 2651 532 2734 furiae,
560 2672 626 2715 non
648 2654 869 2715 consummato
892 2652 1002 2732 modo,
1026 2652 1080 2715 sed

72 2743 169 2807 etiam
185 2742 329 2826 cogitato
344 2738 524 2821 parricidis.
560 2739 606 2803 At
617 2737 700 2801 'mihi
715 2740 921 2803 securitatem
939 2740 1080 2823 primum

72 2831 258 2893 innocentia
289 2849 373 2907 mea,
406 2825 519 2890 deinde
549 2831 608 2891 tua
640 2826 770 2890 dextera
802 2828 979 2892 obtulerat:
1015 2850 1081 2892 non

71 2917 180 2997 timui,
198 2937 239 2979 ne
257 2915 330 2997 plus
350 2914 471 2978 alienae
490 2915 671 2978 crudelitati
691 2915 777 2997 apud
795 2918 828 2978 te
845 2916 965 2998 liceret,
984 2938 1081 2999 quam

73 3002 261 3066 clementiae
284 3007 368 3067 tuae.
409 2999 470 3066 Sed
492 3025 532 3068 ne
555 3006 588 3067 te
612 3001 692 3066 mihi
711 3002 883 3067 credidisse
907 3005 1080 3087 paeniteat,
1101 3025 1133 3071 11

72 3113 122 3156 res
148 3091 188 3154 ad
212 3111 263 3153 me
286 3089 490 3155 deferebatur
514 3113 533 3154 a
558 3111 673 3172 puero,
696 3091 839 3174 quinon
863 3094 992 3173 testem,
1015 3114 1082 3156 non

71 3179 188 3264 pignus
208 3178 317 3242 indicii
335 3178 483 3243 exhibere
502 3180 639 3261 poterat,
656 3178 835 3260 inpleturus
853 3200 964 3243 omnes
983 3184 1081 3262 metu,

72 3267 100 3330 si
120 3266 277 3350 coepisset
296 3266 409 3331 audiri.
441 3266 607 3330 Amatoris
627 3270 660 3329 et
676 3267 774 3330 scorti
792 3267 898 3350 iurgio
917 3267 1079 3349 interponi
1101 3285 1134 3333 16

73 3376 166 3419 aures
198 3377 286 3420 meas
315 3354 435 3424 credidi
468 3354 581 3418 infelix
610 3358 642 3417 et
674 3354 769 3418 fidem
797 3354 864 3418 eius
898 3358 1082 3437 suspectam

71 3441 185 3524 habui,
217 3443 302 3527 quod
333 3466 399 3508 non
430 3442 499 3524 ipse
532 3442 681 3524 deferret,
718 3441 774 3506 sed
806 3442 940 3507 fratrem
971 3442 1081 3524 potius

72 3530 273 3596 subornaret.
314 3531 435 3613 Timui,
456 3552 496 3594 ne
518 3533 653 3615 negaret
675 3529 844 3594 mandasse
867 3551 903 3592 se
925 3527 1090 3592 Cebalino
1107 3549 1148 3588 xa
