2444 3908
111 111 176 175 282
484 110 515 175 Q.
536 111 646 165 GURTI
663 110 749 166 ausi

58 268 91 316 20
110 253 290 339 potiorem?
334 252 464 318 Obortis
493 255 605 318 deinde
634 254 776 318 lacrimis
806 254 953 317 diadema
978 254 1132 320 detrahit

111 343 224 426 capiti,
250 342 429 425 dexteram,
458 341 575 426 quaid
597 341 743 423 tenebat,
772 342 984 425 protendens,
1016 347 1072 426 ut,
1102 345 1131 408 si

59 442 91 490 21
113 431 183 514 quis
211 451 245 493 se
275 429 454 514 digniorem
486 431 701 512 profiteretur,
736 431 901 512 acciperet.
950 428 1130 514 Ingentem

111 540 201 601 spem
228 518 345 582 indolis
369 520 444 582 ante
473 539 544 582 eum
568 518 652 580 diem
675 517 785 581 fratris
812 518 960 582 claritate
991 538 1131 601 oppres·

112 627 166 670 sae
188 610 256 670 tam
280 605 447 670 moderata
473 605 625 669 excitavit
648 605 760 669 oratio.
805 603 918 688 Itaque
941 606 1055 670 cuncti
1082 607 1130 670 in·

112 697 198 759 stare
235 697 421 776 coeperunt,
457 696 508 776 ut,
544 715 626 776 quae
664 693 834 776 agitasset,
867 693 982 775 exequi
1014 695 1129 758 vellet.

59 793 92 840 aa
111 781 252 846 Eosdem
274 803 385 845 rursus
411 781 502 864 legat
518 781 690 865 petituros,
713 783 750 843 nt
768 779 969 863 Meleagrum
988 783 1128 846 tertium

112 870 223 935 ducem
240 869 430 952 acciperent.
465 867 560 932 Haud
581 889 675 952 aegre
693 868 726 930 id
745 868 942 950 inpetratum
962 872 1024 951 est,
1048 892 1129 934 nam

113 960 145 1021 et
172 958 327 1021 abducere
355 956 554 1038 Meleagrum
580 955 733 1019 Perdicca
756 977 776 1019 0
802 976 878 1039 rege
910 955 1069 1038 cupiebat
1096 961 1129 1022 et

60 1056 212 1109 13011010
237 1045 360 1109 duobus
388 1044 532 1126 inparem
554 1044 700 1108 futurum
722 1064 791 1106 esse
815 1043 976 1106 censebat.
1018 1042 1129 1128 Igitur

110 1131 274 1216 Meleagro
295 1154 367 1196 cum
385 1131 548 1215 phalange
567 1131 695 1196 obviam
716 1150 845 1214 egresso
864 1130 1018 1195 Perdicca
1039 1133 1128 1216 equi·

111 1222 180 1282 tum
212 1224 336 1284 turmas
369 1219 560 1282 antecedens
596 1219 742 1283 occurrit.
792 1217 973 1302 Utrumque
1007 1241 1128 1304 agmen

111 1310 224 1370 mutua
252 1306 446 1370 salutatione
473 1305 559 1370 facta
587 1307 652 1370 coit
678 1306 712 1369 in
742 1308 948 1388 perpetuum,
976 1309 1014 1371 ut
1044 1308 1130 1373 arbi·

111 1395 291 1476 trabuntur,
315 1393 486 1456 concordia
508 1396 541 1456 et
562 1414 641 1474 pace
666 1394 803 1456 firmata.

538 1549 618 1616 One.
640 1549 695 1614 IX.

79 1667 92 1714 1
201 1653 264 1720 Sed
294 1656 361 1720 iam
391 1655 468 1719 fatis
505 1656 757 1720 admovebantur
788 1654 1002 1720 Macedonum
1034 1659 1131 1740 genti
1139 1660 1177 1723 28

113 1744 200 1807 bella
219 1744 340 1826 civilia,
358 1766 434 1808 nam
454 1746 486 1808 et
504 1743 691 1808 insociabile
711 1746 761 1807 001
783 1763 918 1827 regnum
938 1746 971 1807 et
990 1766 1009 1808 a
1028 1746 1130 1827 pluri·

79 1844 93 1891 1
114 1832 173 1896 bus
193 1832 412 1913 expetebatur.
447 1830 591 1895 Primum
614 1851 691 1914 ergo
714 1831 870 1895 conlisere
889 1830 987 1914 vires,
1010 1831 1130 1898 deinde

113 1920 344 2001 disperserunt:
367 1923 400 1984 et
427 1919 665 2001 cumpluribus
689 1939 818 2001 corpus,
846 1940 943 2001 quam
966 1920 1131 2005 capiebat,

113 2009 262 2089 capitibus
299 2010 501 2089 onerassent,
538 2010 643 2070 001010
673 2007 819 2070 membra
850 2005 983 2070 deficere
1016 2028 1131 2092 coepe·

79 2106 94 2153 0
113 2100 188 2159 1001
216 2095 362 2178 quodque
385 2095 556 2175 imperium
579 2094 638 2157 sub
661 2115 724 2157 uno
745 2098 831 2157 stare
849 2093 1025 2177 potuisset,
1050 2096 1130 2161 dum

115 2205 133 2246 0
159 2182 306 2264 pluribus
339 2182 529 2264 sustinetur,
560 2181 634 2244 ruit.
682 2180 821 2245 Proinde
848 2180 916 2244 inre
944 2182 1130 2267 meritoque

113 2270 251 2352 populus
275 2269 439 2332 Romanus
463 2269 602 2332 salutem
626 2288 660 2332 se
682 2269 820 2352 principi
840 2291 899 2333 suo
918 2269 1036 2334 debere
1055 2293 1130 2354 pro·
1204 2316 1212 2325 --

114 2358 237 2439 fitetur,
264 2356 319 2440 qui
341 2356 459 2438 noctis,
486 2378 583 2440 quam
610 2377 710 2438 paene
738 2378 919 2438 supremam
941 2356 1130 2444 habuimus,
1210 2384 1214 2411 ¹

79 2455 235 2510 rnovum
259 2445 346 2509 sidus
369 2444 494 2508 inluxit.
539 2441 644 2507 Huius
672 2444 814 2527 hercule,
841 2465 907 2508 non
930 2444 1009 2508 solis
1035 2449 1129 2511 ortus

114 2534 219 2598 lucem
247 2533 403 2615 caliganti
430 2531 568 2596 reddidit
591 2531 722 2614 mundo,
748 2553 820 2594 cum
844 2532 912 2596 sine
936 2553 994 2596 suo
1018 2533 1129 2618 capite

80 2631 95 2680 ⁶
115 2622 273 2687 discordia
297 2620 442 2684 membra
464 2618 670 2701 trepidarent.
707 2618 794 2695 Quot
815 2619 872 2683 ille
895 2622 965 2683 tum
987 2621 1130 2686 extinxit

114 2709 214 2773 faces!
251 2713 331 2792 quot
362 2707 504 2773 condidit
535 2707 673 2790 gladios!
708 2710 861 2790 quantam
897 2710 1130 2790 tempestatem

116 2797 223 2861 subita
246 2796 418 2860 serenitate
441 2794 605 2858 discussit!
633 2793 709 2859 Non
727 2814 804 2878 ergo
825 2793 993 2859 revirescit
1011 2797 1130 2881 solum,

81 2884 172 2948 60011
200 2884 298 2947 011001
326 2883 419 2946 floret
446 2882 625 2964 imperium.
666 2881 764 2945 Absit
791 2882 886 2946 modo
910 2881 1049 2964 invidia,
1078 2905 1130 2948 ex·

115 2972 213 3053 cipiet
238 2971 335 3035 huius
364 2971 483 3035 saeculi
512 2974 660 3053 tempora
687 2969 829 3032 eiusdem
857 2969 971 3034 domus
1001 2972 1130 3036 utinam

81 3062 283 3143 rperpetua‚
312 3062 398 3122 certe
426 3058 576 3121 diuturna
603 3057 786 3140 posteritas.
832 3054 996 3140 Ceterum,
1025 3062 1064 3122 ut
1087 3059 1130 3124 ad

117 3148 273 3225 ordinem,
302 3169 322 3210 0
345 3167 407 3228 quo
435 3168 486 3211 me
518 3145 749 3227 contemplatio
782 3144 930 3228 publicae
957 3145 1129 3211 felicitatis
1208 3186 1211 3193 ·

117 3239 289 3316 averterat,
317 3234 454 3317 redeam,
476 3233 627 3297 Perdicca
650 3233 778 3296 unicam
802 3254 892 3315 spem
916 3234 1033 3298 salutis
1053 3255 1131 3299 suae

116 3325 152 3389 in
169 3323 328 3406 Meleagri
346 3327 449 3386 morte
468 3321 622 3405 ponebatt
646 3341 764 3385 vanum
784 3320 921 3385 eundem
942 3325 975 3384 et
992 3321 1132 3387 infidum

117 3413 326 3495 celeriterque
354 3431 405 3474 res
432 3412 626 3474 novaturum
655 3412 688 3473 et
715 3407 779 3471 sibi
807 3407 946 3471 maxime
973 3409 1134 3475 infestum

82 3500 338 3584 8occupandum
368 3519 446 3563 esse.
493 3495 554 3561 Sed
584 3497 649 3560 alta
673 3495 932 3560 dissimulatione
956 3498 1134 3563 consilium
