2444 3908
128 156 194 222 202
499 157 530 222 Q.
551 155 660 210 GURTI
677 154 765 210 RUFI

77 312 109 360 1⁷
129 301 251 366 virium
268 300 401 364 monuit
437 299 482 363 Et
498 300 553 363 ille
571 321 628 382 per
646 299 770 381 ludum,
793 299 874 362 beno
893 297 969 362 deos
993 296 1138 379 suadere,

128 388 296 471 respondit
326 388 548 470 revocatisque
583 387 693 451 amicis
726 386 760 450 in
791 386 906 450 horam
941 385 1005 449 diei
1036 384 1139 448 ferme

78 486 110 534 18
129 475 302 541 secundam
319 475 456 540 convivii
473 479 601 557 tempus
616 475 762 539 extraxit.
794 473 865 538 Iam
884 474 939 538 alii
953 494 992 537 ex
1006 473 1138 537 cohorte

129 565 164 627 in
178 564 351 628 stationem
366 565 586 628 successerant
600 566 675 626 ante
691 561 827 626 cubiculi
845 561 931 626 fores
947 561 1140 644 excubituri,

129 652 233 716 adhuc
255 656 366 715 tamen
384 651 543 716 coniurati
562 651 692 715 stabant
714 650 783 714 vice
802 648 902 714 officii
926 649 976 713 sui
995 649 1138 731 expleta:

129 739 209 804 adeo
228 740 378 822 pertinax
396 760 468 822 spes
488 743 550 822 est,
574 759 670 821 quam
687 737 847 801 humanae
866 740 989 800 mentes
1008 737 1139 801 devora-

78 837 110 886 19
129 831 251 892 verunt.
288 827 357 890 Rex
379 827 551 909 benignius
573 846 669 910 quam
687 826 769 888 alias
789 825 954 889 adlocutus
975 824 1139 890 discedere

130 937 185 979 eos
215 915 256 979 ad
283 914 424 979 curanda
451 935 599 997 corpora,
627 914 780 996 quoniam
806 916 877 976 tota
898 917 994 977 nocte
1021 914 1139 994 persti-

129 1003 256 1085 tissent,
274 1002 374 1067 iubet.
410 1001 497 1067 Data
515 1001 650 1086 singulis
668 1018 691 1065 n·
710 1000 860 1065 sestertia
881 999 1140 1084 conlaudatique,

130 1091 216 1174 quod
244 1091 342 1155 etiam
370 1089 443 1153 aliis
471 1089 590 1154 tradita
616 1089 685 1153 vice
711 1091 823 1152 tamen
850 1088 1005 1153 excubare
1031 1109 1139 1172 perse·

78 1189 112 1239 20
131 1181 303 1242 verassent.
346 1177 401 1241 Illi
423 1180 517 1241 tanta
540 1198 596 1260 spe
619 1176 768 1240 destituti
790 1176 901 1240 domos
924 1176 1053 1241 abeunt
1094 1176 1185 1243 ntra

131 1265 228 1327 ceteri
251 1264 379 1348 quidem
398 1264 613 1346 expectabant
630 1263 782 1328 stationis
801 1285 877 1328 suae
896 1267 1038 1328 noctem:
1061 1263 1140 1346 Elpi-

130 1373 239 1416 menes
259 1352 326 1416 sive
345 1352 497 1416 comitate
520 1353 620 1437 regis,
644 1373 707 1436 qua
724 1353 832 1434 ipsum
850 1352 935 1416 inter
953 1352 1140 1419 coniuratos

130 1442 310 1523 exceperat,
341 1443 473 1521 repente
504 1443 663 1523 mutatus,
699 1439 767 1504 sive
800 1440 875 1522 quia
906 1438 1029 1522 coeptis
1060 1439 1139 1506 deos

130 1528 261 1591 obstare
289 1527 452 1610 credebat,
481 1527 575 1591 fratri
603 1548 660 1592 suo
686 1526 888 1610 Eurylocho,
920 1548 1014 1611 quem
1042 1531 1139 1594 antea

131 1617 296 1698 expertem
314 1637 386 1679 esse
404 1615 531 1679 consilii
549 1616 706 1697 voluerat,
728 1614 804 1698 quid
822 1618 1006 1698 pararetur,
1025 1617 1139 1698 aperit

79 1714 111 1762 21
131 1702 288 1768 Omnibus
315 1701 467 1768 Philotae
494 1703 687 1787 supplicium
714 1703 749 1766 in
772 1702 874 1767 oculis
899 1706 977 1766 erat.
1022 1702 1138 1786 Itaque

130 1792 279 1874 protinus
311 1791 405 1856 inicit
435 1790 531 1855 fratri
558 1812 688 1855 manum
716 1793 749 1853 et
779 1791 814 1853 in
839 1791 963 1872 regiam
990 1792 1140 1873 pervenit

131 1879 342 1962 excitatisque
366 1879 553 1944 custodibus
577 1878 720 1961 corporis
740 1878 779 1941 ad
803 1878 939 1943 salutem
958 1879 1044 1961 regis
1068 1901 1138 1962 per·

77 1978 111 2028 22
130 1968 246 2052 tinere,
270 1988 350 2050 quae
370 1967 522 2050 adferret,
545 1966 702 2031 adfirmat.
737 1964 783 2029 Et
800 1969 943 2049 tempus,
964 1988 1026 2049 quo
1046 1988 1139 2031 vene

129 2059 217 2137 rant,
250 2059 282 2117 et
313 2055 434 2137 vultus,
465 2054 551 2119 haud
583 2075 660 2119 sane
691 2053 794 2120 securi
827 2054 926 2117 animi
958 2053 1067 2137 index,
1105 2058 1140 2119 et

130 2141 327 2205 maestitiae
346 2142 470 2206 duobus
489 2142 622 2206 alterius
640 2141 863 2206 Ptolemaeum
883 2164 919 2206 ac
935 2139 1139 2207 Leonnatum

131 2229 323 2293 excubantes
359 2229 399 2292 ad
437 2229 575 2294 cubiculi
606 2230 706 2293 limen
743 2229 971 2294 excitaverunt.
1023 2228 1140 2314 Itaque

130 2316 251 2399 apertis
287 2316 412 2381 foribus
445 2320 477 2380 et
512 2317 632 2380 lumine
668 2316 770 2380 inlato
803 2317 944 2400 sopitum
978 2338 1068 2382 mero
1102 2340 1141 2384 ac

130 2426 243 2469 somno
267 2404 410 2468 excitant
432 2425 550 2489 regern.
594 2404 653 2468 Ille
680 2404 839 2487 paulatim
863 2408 971 2468 mente
994 2405 1140 2490 collecta,

76 2503 110 2553 23
130 2492 206 2577 quid
230 2491 400 2576 adferrent,
422 2493 612 2577 interrogat.
648 2489 717 2557 Nec
740 2495 909 2556 cunctatus
929 2492 1138 2575 Eurylochus

129 2603 195 2645 non
223 2602 261 2645 ex
283 2584 355 2646 toto
383 2581 512 2645 domum
540 2602 632 2645 suam
660 2580 801 2644 aversari
828 2579 905 2644 deos
933 2579 1031 2664 dixit,
1061 2582 1140 2664 quia

128 2669 230 2732 frater
257 2669 373 2752 ipsius,
402 2690 595 2752 quamquam
617 2667 752 2751 impium
774 2667 901 2732 facinus
923 2689 1021 2732 ausus
1042 2668 1140 2753 foret,

128 2758 240 2819 tamen
253 2760 286 2819 et
298 2756 531 2838 paenitentiam
550 2755 618 2819 eius
632 2760 745 2840 ageret
758 2759 792 2819 et
809 2777 867 2838 per
881 2777 915 2820 se
928 2756 1140 2838 potissimum

128 2843 335 2926 profiteretur
365 2843 527 2907 indicium.
575 2841 615 2907 In
643 2865 714 2907 eam
744 2843 850 2926 ipsam
881 2847 1023 2926 noctem,
1054 2865 1140 2928 quae

129 2930 308 3013 decederet,
335 2931 468 2995 insidias
492 2933 684 3013 conparatas
712 2929 811 2995 fuisse
839 2935 984 2995 auctores
1008 2931 1140 2998 scelesti

76 3029 111 3079 24
130 3019 254 3083 consilii
269 3037 348 3101 esse,
366 3040 446 3102 quos
460 3019 593 3082 minime
608 3018 751 3083 crederet
768 3040 833 3083 rex.
865 3018 949 3083 Tum
962 3018 1139 3102 Epimenes

130 3111 245 3171 cuncta
272 3105 383 3170 ordine
407 3107 667 3189 consciorumque
693 3106 827 3170 nomina
851 3108 992 3191 exponit
1038 3105 1140 3173 calli·

130 3195 265 3260 sthenen
291 3215 358 3258 non
385 3198 422 3258 ut
443 3193 635 3277 participem
661 3193 813 3258 facinoris
841 3195 1045 3260 nominatum
1067 3217 1140 3261 esse

129 3282 308 3364 constabat,
322 3282 378 3346 sed
393 3283 525 3347 solitum
543 3303 715 3365 puerorum
734 3283 936 3347 sermonibus
953 3283 1140 3368 vituperan-

99 3430 101 3434 .
128 3372 212 3436 tium
239 3370 539 3453 criminantiumque
566 3391 676 3454 regem
707 3369 818 3448 faciles
849 3391 941 3435 aures
973 3371 1138 3453 praebere.

75 3467 110 3517 25
129 3459 267 3535 Quidam
295 3459 449 3541 adiciunt,
479 3479 551 3521 cum
573 3457 767 3522 Hermolaus
796 3457 880 3540 apud
908 3480 981 3522 eum
1009 3481 1139 3544 quoque

128 3548 332 3611 verberatum
355 3569 389 3612 se
412 3566 524 3629 aroge
548 3550 748 3631 quereretur,
771 3545 888 3611 dixlsse
905 3543 1139 3629 Callisthenen,
