<?xml version="1.0" encoding="UTF-8"?>
<!DOCTYPE html PUBLIC "-//W3C//DTD XHTML 1.0 Transitional//EN"
    "http://www.w3.org/TR/xhtml1/DTD/xhtml1-transitional.dtd">
<html xmlns="http://www.w3.org/1999/xhtml" xml:lang="en" lang="en">
 <head>
  <title>
</title>
<meta http-equiv="Content-Type" content="text/html;charset=utf-8" />
  <meta name='ocr-system' content='tesseract 3.04.00' />
  <meta name='ocr-capabilities' content='ocr_page ocr_carea ocr_par ocr_line ocrx_word'/>
</head>
<body>
  <div class='ocr_page' id='page_1' title='image "./historiarumalex01rufugoog_0063.png"; bbox 0 0 2444 3908; ppageno 0'>
   <div class='ocr_carea' id='block_1_1' title="bbox 81 157 770 238">
    <p class='ocr_par' dir='ltr' id='par_1_1' title="bbox 81 157 770 238">
     <span class='ocr_line' id='line_1_1' title="bbox 81 157 770 238; baseline 0.003 -26"><span class='ocrx_word' id='word_1_1' title='bbox 81 233 84 238; x_wconf 18' lang='grc' dir='ltr'>Ι</span> <span class='ocrx_word' id='word_1_2' title='bbox 134 161 177 225; x_wconf 84' lang='lat'>30</span> <span class='ocrx_word' id='word_1_3' title='bbox 505 157 770 224; x_wconf 70' lang='lat' dir='ltr'>secunaum</span> 
     </span>
    </p>
   </div>
   <div class='ocr_carea' id='block_1_2' title="bbox 77 303 1174 3642">
    <p class='ocr_par' dir='ltr' id='par_1_2' title="bbox 77 303 1174 3642">
     <span class='ocr_line' id='line_1_2' title="bbox 131 303 1148 389; baseline 0.004 -20"><span class='ocrx_word' id='word_1_4' title='bbox 131 304 319 389; x_wconf 90' lang='lat' dir='ltr'>redduntur,</span> <span class='ocrx_word' id='word_1_5' title='bbox 364 304 480 388; x_wconf 90' lang='lat' dir='ltr'>quibus</span> <span class='ocrx_word' id='word_1_6' title='bbox 520 307 557 368; x_wconf 86' lang='lat' dir='ltr'>ut</span> <span class='ocrx_word' id='word_1_7' title='bbox 596 305 731 388; x_wconf 84' lang='lat' dir='ltr'>superbe</span> <span class='ocrx_word' id='word_1_8' title='bbox 768 303 895 387; x_wconf 89' lang='lat' dir='ltr'>scriptis</span> <span class='ocrx_word' id='word_1_9' title='bbox 935 305 1148 373; x_wconf 87' lang='lat' dir='ltr'>vehementer</span> 
     </span>
     <span class='ocr_line' id='line_1_3' title="bbox 132 391 1146 476; baseline 0.004 -20"><span class='ocrx_word' id='word_1_10' title='bbox 132 393 272 456; x_wconf 87' lang='lat' dir='ltr'>offensus</span> <span class='ocrx_word' id='word_1_11' title='bbox 294 396 357 456; x_wconf 89' lang='lat' dir='ltr'>est:</span> <span class='ocrx_word' id='word_1_12' title='bbox 389 391 559 475; x_wconf 90' lang='lat' dir='ltr'>praecipue</span> <span class='ocrx_word' id='word_1_13' title='bbox 582 413 654 456; x_wconf 91' lang='lat' dir='ltr'>eum</span> <span class='ocrx_word' id='word_1_14' title='bbox 676 392 790 476; x_wconf 85' lang='lat' dir='ltr'>movit,</span> <span class='ocrx_word' id='word_1_15' title='bbox 821 393 906 475; x_wconf 92' lang='lat' dir='ltr'>quod</span> <span class='ocrx_word' id='word_1_16' title='bbox 928 391 1055 459; x_wconf 90' lang='lat' dir='ltr'>Dareus</span> <span class='ocrx_word' id='word_1_17' title='bbox 1079 395 1146 460; x_wconf 86' lang='lat' dir='ltr'>sibi</span> 
     </span>
     <span class='ocr_line' id='line_1_4' title="bbox 131 478 1145 562; baseline 0.005 -20"><span class='ocrx_word' id='word_1_18' title='bbox 131 481 216 562; x_wconf 83' lang='lat' dir='ltr'>regis</span> <span class='ocrx_word' id='word_1_19' title='bbox 248 481 377 544; x_wconf 91' lang='lat' dir='ltr'>titulum</span> <span class='ocrx_word' id='word_1_20' title='bbox 408 501 468 544; x_wconf 91' lang='lat' dir='ltr'>nec</span> <span class='ocrx_word' id='word_1_21' title='bbox 500 479 633 543; x_wconf 91' lang='lat' dir='ltr'>eundem</span> <span class='ocrx_word' id='word_1_22' title='bbox 666 478 840 544; x_wconf 81' lang='lat' dir='ltr'><strong>Alexandri</strong></span> <span class='ocrx_word' id='word_1_23' title='bbox 866 481 990 545; x_wconf 91' lang='lat' dir='ltr'>nomini</span> <span class='ocrx_word' id='word_1_24' title='bbox 1021 482 1145 547; x_wconf 88' lang='lat' dir='ltr'>adscri-</span> 
     </span>
     <span class='ocr_line' id='line_1_5' title="bbox 96 568 1145 653; baseline 0.005 -23"><span class='ocrx_word' id='word_1_25' title='bbox 96 588 112 638; x_wconf 85' lang='lat'>8</span> <span class='ocrx_word' id='word_1_26' title='bbox 130 571 248 650; x_wconf 90' lang='lat' dir='ltr'>pserat.</span> <span class='ocrx_word' id='word_1_27' title='bbox 283 568 474 632; x_wconf 77' lang='lat' dir='ltr'>Postulabat</span> <span class='ocrx_word' id='word_1_28' title='bbox 496 571 603 632; x_wconf 88' lang='lat' dir='ltr'>autern</span> <span class='ocrx_word' id='word_1_29' title='bbox 625 568 729 652; x_wconf 86' lang='lat' dir='ltr'>magis</span> <span class='ocrx_word' id='word_1_30' title='bbox 752 590 848 652; x_wconf 92' lang='lat' dir='ltr'>quam</span> <span class='ocrx_word' id='word_1_31' title='bbox 869 569 1009 653; x_wconf 89' lang='lat' dir='ltr'>petebat,</span> <span class='ocrx_word' id='word_1_32' title='bbox 1030 573 1070 633; x_wconf 91' lang='lat' dir='ltr'>ut</span> <span class='ocrx_word' id='word_1_33' title='bbox 1089 593 1145 636; x_wconf 89' lang='lat' dir='ltr'>ac·</span> 
     </span>
     <span class='ocr_line' id='line_1_6' title="bbox 131 655 1146 744; baseline 0.005 -27"><span class='ocrx_word' id='word_1_34' title='bbox 131 664 223 738; x_wconf 87' lang='lat' dir='ltr'>cepta</span> <span class='ocrx_word' id='word_1_35' title='bbox 244 657 389 740; x_wconf 92' lang='lat' dir='ltr'>pecunia,</span> <span class='ocrx_word' id='word_1_36' title='bbox 412 658 701 740; x_wconf 70' lang='lat' dir='ltr'>quantamcumque</span> <span class='ocrx_word' id='word_1_37' title='bbox 718 659 789 720; x_wconf 87' lang='lat' dir='ltr'>tota</span> <span class='ocrx_word' id='word_1_38' title='bbox 801 655 989 720; x_wconf 85' lang='lat' dir='ltr'>Macedonia</span> <span class='ocrx_word' id='word_1_39' title='bbox 1002 663 1146 744; x_wconf 88' lang='lat' dir='ltr'>caperet,</span> 
     </span>
     <span class='ocr_line' id='line_1_7' title="bbox 130 744 1144 829; baseline 0.004 -22"><span class='ocrx_word' id='word_1_40' title='bbox 130 747 265 808; x_wconf 88' lang='lat' dir='ltr'>matrem</span> <span class='ocrx_word' id='word_1_41' title='bbox 298 745 360 808; x_wconf 89' lang='lat' dir='ltr'>sibi</span> <span class='ocrx_word' id='word_1_42' title='bbox 391 747 424 808; x_wconf 92' lang='lat' dir='ltr'>et</span> <span class='ocrx_word' id='word_1_43' title='bbox 452 744 622 829; x_wconf 83' lang='lat' dir='ltr'>coniugem</span> <span class='ocrx_word' id='word_1_44' title='bbox 647 744 828 828; x_wconf 90' lang='lat' dir='ltr'>liberosque</span> <span class='ocrx_word' id='word_1_45' title='bbox 854 745 1043 809; x_wconf 85' lang='lat' dir='ltr'>restitueret.</span> <span class='ocrx_word' id='word_1_46' title='bbox 1090 745 1144 812; x_wconf 90' lang='lat' dir='ltr'>De</span> 
     </span>
     <span class='ocr_line' id='line_1_8' title="bbox 95 829 1146 917; baseline 0 -17"><span class='ocrx_word' id='word_1_47' title='bbox 95 852 231 916; x_wconf 84' lang='lat' dir='ltr'>cregno</span> <span class='ocrx_word' id='word_1_48' title='bbox 255 854 370 917; x_wconf 91' lang='lat' dir='ltr'>aequo,</span> <span class='ocrx_word' id='word_1_49' title='bbox 399 831 428 895; x_wconf 91' lang='lat' dir='ltr'>si</span> <span class='ocrx_word' id='word_1_50' title='bbox 444 832 549 916; x_wconf 86' lang='lat' dir='ltr'>vellet,</span> <span class='ocrx_word' id='word_1_51' title='bbox 571 830 674 895; x_wconf 87' lang='lat' dir='ltr'>Marte</span> <span class='ocrx_word' id='word_1_52' title='bbox 702 831 919 898; x_wconf 68' lang='lat' dir='ltr'>contenderet.</span> <span class='ocrx_word' id='word_1_53' title='bbox 950 829 985 896; x_wconf 83' lang='lat' dir='ltr'>Si</span> <span class='ocrx_word' id='word_1_54' title='bbox 1007 833 1146 900; x_wconf 76' lang='lat' dir='ltr'>saniore</span> 
     </span>
     <span class='ocr_line' id='line_1_9' title="bbox 131 920 1144 1004; baseline 0.005 -21"><span class='ocrx_word' id='word_1_55' title='bbox 131 921 265 985; x_wconf 86' lang='lat' dir='ltr'>consilia</span> <span class='ocrx_word' id='word_1_56' title='bbox 282 920 413 984; x_wconf 89' lang='lat' dir='ltr'>tandem</span> <span class='ocrx_word' id='word_1_57' title='bbox 431 920 500 1003; x_wconf 90' lang='lat' dir='ltr'>pati</span> <span class='ocrx_word' id='word_1_58' title='bbox 517 921 683 1004; x_wconf 89' lang='lat' dir='ltr'>potuisset,</span> <span class='ocrx_word' id='word_1_59' title='bbox 705 923 875 985; x_wconf 89' lang='lat' dir='ltr'>contentus</span> <span class='ocrx_word' id='word_1_60' title='bbox 890 921 996 1004; x_wconf 90' lang='lat' dir='ltr'>patrio</span> <span class='ocrx_word' id='word_1_61' title='bbox 1011 921 1144 988; x_wconf 89' lang='lat' dir='ltr'>cederet</span> 
     </span>
     <span class='ocr_line' id='line_1_10' title="bbox 131 1007 1144 1094; baseline 0.005 -22"><span class='ocrx_word' id='word_1_62' title='bbox 131 1008 227 1072; x_wconf 85' lang='lat' dir='ltr'>alieni</span> <span class='ocrx_word' id='word_1_63' title='bbox 253 1008 378 1093; x_wconf 88' lang='lat' dir='ltr'>imperii</span> <span class='ocrx_word' id='word_1_64' title='bbox 404 1007 536 1089; x_wconf 88' lang='lat' dir='ltr'>finibus,</span> <span class='ocrx_word' id='word_1_65' title='bbox 565 1008 669 1074; x_wconf 90' lang='lat' dir='ltr'>socius</span> <span class='ocrx_word' id='word_1_66' title='bbox 697 1009 877 1094; x_wconf 83' lang='lat' dir='ltr'>amicusque</span> <span class='ocrx_word' id='word_1_67' title='bbox 900 1012 992 1074; x_wconf 89' lang='lat' dir='ltr'>esset.</span> <span class='ocrx_word' id='word_1_68' title='bbox 1022 1009 1078 1075; x_wconf 89' lang='lat' dir='ltr'>.In</span> <span class='ocrx_word' id='word_1_69' title='bbox 1101 1033 1144 1078; x_wconf 84' lang='lat' dir='ltr'>ea</span> 
     </span>
     <span class='ocr_line' id='line_1_11' title="bbox 80 1095 1142 1184; baseline -0.001 -18"><span class='ocrx_word' id='word_1_70' title='bbox 80 1118 111 1166; x_wconf 89' lang='lat'>10</span> <span class='ocrx_word' id='word_1_71' title='bbox 130 1120 163 1162; x_wconf 93' lang='lat' dir='ltr'>se</span> <span class='ocrx_word' id='word_1_72' title='bbox 193 1099 287 1162; x_wconf 90' lang='lat' dir='ltr'>fidem</span> <span class='ocrx_word' id='word_1_73' title='bbox 319 1101 351 1163; x_wconf 92' lang='lat' dir='ltr'>et</span> <span class='ocrx_word' id='word_1_74' title='bbox 382 1097 457 1162; x_wconf 90' lang='lat' dir='ltr'>dare</span> <span class='ocrx_word' id='word_1_75' title='bbox 479 1101 628 1182; x_wconf 87' lang='lat' dir='ltr'>paratum</span> <span class='ocrx_word' id='word_1_76' title='bbox 650 1101 683 1162; x_wconf 92' lang='lat' dir='ltr'>et</span> <span class='ocrx_word' id='word_1_77' title='bbox 703 1098 854 1184; x_wconf 90' lang='lat' dir='ltr'>accipere.</span> <span class='ocrx_word' id='word_1_78' title='bbox 899 1095 1020 1162; x_wconf 79' lang='lat' dir='ltr'>Contra</span> <span class='ocrx_word' id='word_1_79' title='bbox 1040 1099 1142 1165; x_wconf 87' lang='lat' dir='ltr'>Alex-</span> 
     </span>
     <span class='ocr_line' id='line_1_12' title="bbox 130 1186 1142 1270; baseline 0.008 -22"><span class='ocrx_word' id='word_1_80' title='bbox 130 1186 229 1249; x_wconf 87' lang='lat' dir='ltr'>ander</span> <span class='ocrx_word' id='word_1_81' title='bbox 257 1187 303 1249; x_wconf 86' lang='lat' dir='ltr'>in</span> <span class='ocrx_word' id='word_1_82' title='bbox 340 1186 426 1250; x_wconf 91' lang='lat' dir='ltr'>hunc</span> <span class='ocrx_word' id='word_1_83' title='bbox 466 1188 603 1251; x_wconf 88' lang='lat' dir='ltr'>maxime</span> <span class='ocrx_word' id='word_1_84' title='bbox 643 1187 774 1251; x_wconf 90' lang='lat' dir='ltr'>modum</span> <span class='ocrx_word' id='word_1_85' title='bbox 813 1186 997 1270; x_wconf 85' lang='lat' dir='ltr'>rescripsit:</span> <span class='ocrx_word' id='word_1_86' title='bbox 1053 1186 1142 1256; x_wconf 74' lang='lat' dir='ltr'>‘Rex</span> 
     </span>
     <span class='ocr_line' id='line_1_13' title="bbox 129 1272 1142 1360; baseline 0.01 -25"><span class='ocrx_word' id='word_1_87' title='bbox 129 1272 310 1337; x_wconf 86' lang='lat' dir='ltr'>Alexander</span> <span class='ocrx_word' id='word_1_88' title='bbox 332 1273 438 1339; x_wconf 91' lang='lat' dir='ltr'>Dareo</span> <span class='ocrx_word' id='word_1_89' title='bbox 462 1272 493 1350; x_wconf 82' lang='lat' dir='ltr'>S.</span> <span class='ocrx_word' id='word_1_90' title='bbox 542 1273 639 1340; x_wconf 78' lang='lat' dir='ltr'>Cuius</span> <span class='ocrx_word' id='word_1_91' title='bbox 665 1296 784 1339; x_wconf 89' lang='lat' dir='ltr'>nomen</span> <span class='ocrx_word' id='word_1_92' title='bbox 807 1277 984 1360; x_wconf 87' lang='lat' dir='ltr'>sumpsisti,</span> <span class='ocrx_word' id='word_1_93' title='bbox 1010 1275 1142 1346; x_wconf 87' lang='lat' dir='ltr'>Dareus</span> 
     </span>
     <span class='ocr_line' id='line_1_14' title="bbox 130 1361 1141 1452; baseline 0.006 -24"><span class='ocrx_word' id='word_1_94' title='bbox 130 1361 281 1449; x_wconf 82' lang='lat' dir='ltr'>Graecos,</span> <span class='ocrx_word' id='word_1_95' title='bbox 317 1365 372 1449; x_wconf 92' lang='lat' dir='ltr'>qui</span> <span class='ocrx_word' id='word_1_96' title='bbox 397 1380 496 1429; x_wconf 83' lang='lat' dir='ltr'>&#39;oram</span> <span class='ocrx_word' id='word_1_97' title='bbox 530 1364 733 1449; x_wconf 89' lang='lat' dir='ltr'>Hellesponti</span> <span class='ocrx_word' id='word_1_98' title='bbox 768 1367 893 1450; x_wconf 87' lang='lat' dir='ltr'>tenent,</span> <span class='ocrx_word' id='word_1_99' title='bbox 929 1366 1141 1452; x_wconf 87' lang='lat' dir='ltr'>coloniasque</span> 
     </span>
     <span class='ocr_line' id='line_1_15' title="bbox 130 1451 1141 1541; baseline 0.008 -26"><span class='ocrx_word' id='word_1_100' title='bbox 130 1451 324 1517; x_wconf 86' lang='lat' dir='ltr'>Graecorum</span> <span class='ocrx_word' id='word_1_101' title='bbox 355 1452 463 1518; x_wconf 89' lang='lat' dir='ltr'>Ionias</span> <span class='ocrx_word' id='word_1_102' title='bbox 491 1455 579 1518; x_wconf 92' lang='lat' dir='ltr'>omni</span> <span class='ocrx_word' id='word_1_103' title='bbox 610 1454 697 1518; x_wconf 89' lang='lat' dir='ltr'>clade</span> <span class='ocrx_word' id='word_1_104' title='bbox 728 1454 880 1537; x_wconf 87' lang='lat' dir='ltr'>vastavit,</span> <span class='ocrx_word' id='word_1_105' title='bbox 912 1475 983 1517; x_wconf 92' lang='lat' dir='ltr'>cum</span> <span class='ocrx_word' id='word_1_106' title='bbox 1015 1477 1141 1541; x_wconf 83' lang='lat' dir='ltr'>magno</span> 
     </span>
     <span class='ocr_line' id='line_1_16' title="bbox 130 1540 1144 1610; baseline 0.007 -7"><span class='ocrx_word' id='word_1_107' title='bbox 130 1540 243 1604; x_wconf 91' lang='lat' dir='ltr'>deinde</span> <span class='ocrx_word' id='word_1_108' title='bbox 279 1542 419 1606; x_wconf 90' lang='lat' dir='ltr'>exercitu</span> <span class='ocrx_word' id='word_1_109' title='bbox 454 1564 541 1606; x_wconf 88' lang='lat' dir='ltr'>mare</span> <span class='ocrx_word' id='word_1_110' title='bbox 576 1542 701 1605; x_wconf 90' lang='lat' dir='ltr'>traiecit</span> <span class='ocrx_word' id='word_1_111' title='bbox 731 1542 833 1605; x_wconf 90' lang='lat' dir='ltr'>inlato</span> <span class='ocrx_word' id='word_1_112' title='bbox 865 1540 1072 1607; x_wconf 87' lang='lat' dir='ltr'>Macedoniae</span> <span class='ocrx_word' id='word_1_113' title='bbox 1106 1549 1144 1610; x_wconf 90' lang='lat' dir='ltr'>et</span> 
     </span>
     <span class='ocr_line' id='line_1_17' title="bbox 79 1625 1142 1717; baseline 0.001 -22"><span class='ocrx_word' id='word_1_114' title='bbox 79 1647 109 1695; x_wconf 88' lang='lat'>11</span> <span class='ocrx_word' id='word_1_115' title='bbox 130 1625 282 1692; x_wconf 82' lang='lat' dir='ltr'>Graeciae</span> <span class='ocrx_word' id='word_1_116' title='bbox 305 1629 399 1694; x_wconf 90' lang='lat' dir='ltr'>bello.</span> <span class='ocrx_word' id='word_1_117' title='bbox 434 1629 557 1693; x_wconf 88' lang='lat' dir='ltr'>Rursus</span> <span class='ocrx_word' id='word_1_118' title='bbox 579 1628 700 1693; x_wconf 86' lang='lat' dir='ltr'>Xerxes</span> <span class='ocrx_word' id='word_1_119' title='bbox 724 1630 829 1712; x_wconf 83' lang='lat' dir='ltr'>gentis</span> <span class='ocrx_word' id='word_1_120' title='bbox 853 1629 993 1694; x_wconf 91' lang='lat' dir='ltr'>eiusdem</span> <span class='ocrx_word' id='word_1_121' title='bbox 1016 1631 1056 1694; x_wconf 87' lang='lat' dir='ltr'>ad</span> <span class='ocrx_word' id='word_1_122' title='bbox 1080 1653 1142 1717; x_wconf 90' lang='lat' dir='ltr'>op·</span> 
     </span>
     <span class='ocr_line' id='line_1_18' title="bbox 128 1717 1141 1803; baseline 0.008 -25"><span class='ocrx_word' id='word_1_123' title='bbox 128 1717 320 1800; x_wconf 84' lang='lat' dir='ltr'>pugnandos</span> <span class='ocrx_word' id='word_1_124' title='bbox 361 1739 421 1782; x_wconf 90' lang='lat' dir='ltr'>nos</span> <span class='ocrx_word' id='word_1_125' title='bbox 458 1739 529 1782; x_wconf 91' lang='lat' dir='ltr'>cum</span> <span class='ocrx_word' id='word_1_126' title='bbox 564 1717 754 1781; x_wconf 91' lang='lat' dir='ltr'>immanium</span> <span class='ocrx_word' id='word_1_127' title='bbox 789 1717 998 1782; x_wconf 88' lang='lat' dir='ltr'>barbarorum</span> <span class='ocrx_word' id='word_1_128' title='bbox 1033 1721 1141 1803; x_wconf 90' lang='lat' dir='ltr'>copiis</span> 
     </span>
     <span class='ocr_line' id='line_1_19' title="bbox 128 1804 1141 1890; baseline 0.008 -24"><span class='ocrx_word' id='word_1_129' title='bbox 128 1805 231 1868; x_wconf 84' lang='lat' dir='ltr'>venit:</span> <span class='ocrx_word' id='word_1_130' title='bbox 256 1805 311 1889; x_wconf 92' lang='lat' dir='ltr'>qui</span> <span class='ocrx_word' id='word_1_131' title='bbox 333 1807 441 1870; x_wconf 83' lang='lat' dir='ltr'>navali</span> <span class='ocrx_word' id='word_1_132' title='bbox 463 1806 583 1889; x_wconf 88' lang='lat' dir='ltr'>proelio</span> <span class='ocrx_word' id='word_1_133' title='bbox 605 1806 708 1890; x_wconf 88' lang='lat' dir='ltr'>victus</span> <span class='ocrx_word' id='word_1_134' title='bbox 731 1804 935 1870; x_wconf 91' lang='lat' dir='ltr'>Mardonium</span> <span class='ocrx_word' id='word_1_135' title='bbox 956 1810 1066 1870; x_wconf 88' lang='lat' dir='ltr'>tamen</span> <span class='ocrx_word' id='word_1_136' title='bbox 1090 1831 1141 1874; x_wconf 89' lang='lat' dir='ltr'>re-</span> 
     </span>
     <span class='ocr_line' id='line_1_20' title="bbox 128 1892 1143 1984; baseline 0.008 -30"><span class='ocrx_word' id='word_1_137' title='bbox 128 1892 223 1976; x_wconf 91' lang='lat' dir='ltr'>liquit</span> <span class='ocrx_word' id='word_1_138' title='bbox 244 1894 279 1957; x_wconf 93' lang='lat' dir='ltr'>in</span> <span class='ocrx_word' id='word_1_139' title='bbox 302 1892 448 1976; x_wconf 81' lang='lat' dir='ltr'>Graecia,</span> <span class='ocrx_word' id='word_1_140' title='bbox 471 1896 507 1958; x_wconf 91' lang='lat' dir='ltr'>ut</span> <span class='ocrx_word' id='word_1_141' title='bbox 530 1894 645 1958; x_wconf 87' lang='lat' dir='ltr'>absens</span> <span class='ocrx_word' id='word_1_142' title='bbox 668 1915 793 1977; x_wconf 90' lang='lat' dir='ltr'>quoque</span> <span class='ocrx_word' id='word_1_143' title='bbox 810 1896 1016 1977; x_wconf 89' lang='lat' dir='ltr'>popularetur</span> <span class='ocrx_word' id='word_1_144' title='bbox 1031 1895 1143 1984; x_wconf 79' lang='lat' dir='ltr'>urbes,</span> 
     </span>
     <span class='ocr_line' id='line_1_21' title="bbox 79 1981 1141 2066; baseline 0.005 -21"><span class='ocrx_word' id='word_1_145' title='bbox 79 1999 109 2046; x_wconf 80' lang='lat'>12</span> <span class='ocrx_word' id='word_1_146' title='bbox 129 2001 224 2065; x_wconf 84' lang='lat' dir='ltr'>agros</span> <span class='ocrx_word' id='word_1_147' title='bbox 247 1986 362 2046; x_wconf 88' lang='lat' dir='ltr'>ureret.</span> <span class='ocrx_word' id='word_1_148' title='bbox 405 1981 590 2064; x_wconf 90' lang='lat' dir='ltr'>Philippum</span> <span class='ocrx_word' id='word_1_149' title='bbox 612 2003 700 2065; x_wconf 89' lang='lat' dir='ltr'>vero,</span> <span class='ocrx_word' id='word_1_150' title='bbox 727 1985 893 2064; x_wconf 88' lang='lat' dir='ltr'>parentem</span> <span class='ocrx_word' id='word_1_151' title='bbox 914 2003 1033 2065; x_wconf 90' lang='lat' dir='ltr'>meum,</span> <span class='ocrx_word' id='word_1_152' title='bbox 1064 1987 1141 2066; x_wconf 90' lang='lat' dir='ltr'>quis</span> 
     </span>
     <span class='ocr_line' id='line_1_22' title="bbox 128 2068 1141 2151; baseline 0.009 -21"><span class='ocrx_word' id='word_1_153' title='bbox 128 2069 258 2151; x_wconf 82' lang='lat' dir='ltr'>ignorat</span> <span class='ocrx_word' id='word_1_154' title='bbox 280 2071 321 2131; x_wconf 87' lang='lat' dir='ltr'>ab</span> <span class='ocrx_word' id='word_1_155' title='bbox 343 2068 382 2130; x_wconf 90' lang='lat' dir='ltr'>iis</span> <span class='ocrx_word' id='word_1_156' title='bbox 405 2069 606 2131; x_wconf 84' lang='lat' dir='ltr'>interfectum</span> <span class='ocrx_word' id='word_1_157' title='bbox 627 2089 705 2151; x_wconf 89' lang='lat' dir='ltr'>esse,</span> <span class='ocrx_word' id='word_1_158' title='bbox 728 2090 807 2150; x_wconf 90' lang='lat' dir='ltr'>quos</span> <span class='ocrx_word' id='word_1_159' title='bbox 825 2068 966 2149; x_wconf 81' lang='lat' dir='ltr'>ingentis</span> <span class='ocrx_word' id='word_1_160' title='bbox 979 2072 1141 2148; x_wconf 85' lang='lat' dir='ltr'>pecuniae</span> 
     </span>
     <span class='ocr_line' id='line_1_23' title="bbox 129 2153 1140 2239; baseline 0.005 -22"><span class='ocrx_word' id='word_1_161' title='bbox 129 2176 185 2235; x_wconf 93' lang='lat' dir='ltr'>spe</span> <span class='ocrx_word' id='word_1_162' title='bbox 213 2156 463 2217; x_wconf 85' lang='lat' dir='ltr'>sollicitaverant</span> <span class='ocrx_word' id='word_1_163' title='bbox 484 2154 606 2217; x_wconf 82' lang='lat' dir='ltr'>vestri?</span> <span class='ocrx_word' id='word_1_164' title='bbox 642 2153 737 2234; x_wconf 89' lang='lat' dir='ltr'>Inpia</span> <span class='ocrx_word' id='word_1_165' title='bbox 759 2155 844 2216; x_wconf 89' lang='lat' dir='ltr'>enim</span> <span class='ocrx_word' id='word_1_166' title='bbox 865 2155 950 2217; x_wconf 85' lang='lat' dir='ltr'>bella</span> <span class='ocrx_word' id='word_1_167' title='bbox 973 2156 1140 2239; x_wconf 87' lang='lat' dir='ltr'>suscipitis</span> 
     </span>
     <span class='ocr_line' id='line_1_24' title="bbox 129 2240 1141 2324; baseline 0.011 -21"><span class='ocrx_word' id='word_1_168' title='bbox 129 2246 169 2324; x_wconf 91' lang='lat' dir='ltr'>et,</span> <span class='ocrx_word' id='word_1_169' title='bbox 192 2262 264 2304; x_wconf 93' lang='lat' dir='ltr'>cum</span> <span class='ocrx_word' id='word_1_170' title='bbox 287 2241 432 2304; x_wconf 87' lang='lat' dir='ltr'>habeatis</span> <span class='ocrx_word' id='word_1_171' title='bbox 456 2262 559 2321; x_wconf 90' lang='lat' dir='ltr'>arma,</span> <span class='ocrx_word' id='word_1_172' title='bbox 581 2240 722 2303; x_wconf 89' lang='lat' dir='ltr'>licemini</span> <span class='ocrx_word' id='word_1_173' title='bbox 743 2240 886 2304; x_wconf 88' lang='lat' dir='ltr'>hostium</span> <span class='ocrx_word' id='word_1_174' title='bbox 908 2242 1027 2324; x_wconf 86' lang='lat' dir='ltr'>capita:</span> <span class='ocrx_word' id='word_1_175' title='bbox 1052 2246 1141 2314; x_wconf 88' lang='lat' dir='ltr'>sicut</span> 
     </span>
     <span class='ocr_line' id='line_1_25' title="bbox 128 2328 1140 2414; baseline 0.008 -23"><span class='ocrx_word' id='word_1_176' title='bbox 128 2331 164 2391; x_wconf 94' lang='lat' dir='ltr'>tu</span> <span class='ocrx_word' id='word_1_177' title='bbox 186 2328 330 2410; x_wconf 90' lang='lat' dir='ltr'>proxime</span> <span class='ocrx_word' id='word_1_178' title='bbox 352 2328 482 2391; x_wconf 88' lang='lat' dir='ltr'>talentis</span> <span class='ocrx_word' id='word_1_179' title='bbox 504 2328 605 2411; x_wconf 91' lang='lat' dir='ltr'>mille,</span> <span class='ocrx_word' id='word_1_180' title='bbox 632 2328 717 2391; x_wconf 91' lang='lat' dir='ltr'>tanti</span> <span class='ocrx_word' id='word_1_181' title='bbox 740 2329 895 2392; x_wconf 85' lang='lat' dir='ltr'>exercitus</span> <span class='ocrx_word' id='word_1_182' title='bbox 917 2351 985 2414; x_wconf 90' lang='lat' dir='ltr'>rex,</span> <span class='ocrx_word' id='word_1_183' title='bbox 1008 2352 1140 2413; x_wconf 89' lang='lat' dir='ltr'>percus·</span> 
     </span>
     <span class='ocr_line' id='line_1_26' title="bbox 80 2415 1140 2509; baseline 0.005 -27"><span class='ocrx_word' id='word_1_184' title='bbox 80 2435 109 2482; x_wconf 82' lang='lat'>13</span> <span class='ocrx_word' id='word_1_185' title='bbox 130 2438 234 2480; x_wconf 88' lang='lat' dir='ltr'>sorem</span> <span class='ocrx_word' id='word_1_186' title='bbox 265 2417 300 2480; x_wconf 93' lang='lat' dir='ltr'>in</span> <span class='ocrx_word' id='word_1_187' title='bbox 326 2438 378 2480; x_wconf 91' lang='lat' dir='ltr'>me</span> <span class='ocrx_word' id='word_1_188' title='bbox 405 2437 508 2480; x_wconf 89' lang='lat' dir='ltr'>emere</span> <span class='ocrx_word' id='word_1_189' title='bbox 535 2415 673 2480; x_wconf 85' lang='lat' dir='ltr'>voluisti.</span> <span class='ocrx_word' id='word_1_190' title='bbox 721 2415 852 2499; x_wconf 87' lang='lat' dir='ltr'>Repello</span> <span class='ocrx_word' id='word_1_191' title='bbox 880 2417 980 2502; x_wconf 79' lang='lat' dir='ltr'>igitur</span> <span class='ocrx_word' id='word_1_192' title='bbox 1006 2419 1140 2509; x_wconf 88' lang='lat' dir='ltr'>bellum,</span> 
     </span>
     <span class='ocr_line' id='line_1_27' title="bbox 129 2503 1139 2589; baseline 0.009 -22"><span class='ocrx_word' id='word_1_193' title='bbox 129 2526 195 2568; x_wconf 94' lang='lat' dir='ltr'>non</span> <span class='ocrx_word' id='word_1_194' title='bbox 226 2505 339 2570; x_wconf 87' lang='lat' dir='ltr'>infero.</span> <span class='ocrx_word' id='word_1_195' title='bbox 384 2503 428 2568; x_wconf 83' lang='lat' dir='ltr'>Et</span> <span class='ocrx_word' id='word_1_196' title='bbox 457 2505 489 2568; x_wconf 91' lang='lat' dir='ltr'>di</span> <span class='ocrx_word' id='word_1_197' title='bbox 519 2526 644 2589; x_wconf 92' lang='lat' dir='ltr'>quoque</span> <span class='ocrx_word' id='word_1_198' title='bbox 671 2526 729 2588; x_wconf 89' lang='lat' dir='ltr'>pro</span> <span class='ocrx_word' id='word_1_199' title='bbox 757 2504 887 2568; x_wconf 90' lang='lat' dir='ltr'>meliore</span> <span class='ocrx_word' id='word_1_200' title='bbox 915 2509 1004 2569; x_wconf 91' lang='lat' dir='ltr'>stant</span> <span class='ocrx_word' id='word_1_201' title='bbox 1026 2529 1139 2577; x_wconf 83' lang='lat' dir='ltr'>causa:</span> 
     </span>
     <span class='ocr_line' id='line_1_28' title="bbox 129 2592 1139 2679; baseline 0.007 -24"><span class='ocrx_word' id='word_1_202' title='bbox 129 2614 281 2674; x_wconf 84' lang='lat' dir='ltr'>magnam</span> <span class='ocrx_word' id='word_1_203' title='bbox 307 2596 432 2676; x_wconf 90' lang='lat' dir='ltr'>partem</span> <span class='ocrx_word' id='word_1_204' title='bbox 454 2592 551 2656; x_wconf 87' lang='lat' dir='ltr'>Asiae</span> <span class='ocrx_word' id='word_1_205' title='bbox 578 2593 613 2657; x_wconf 93' lang='lat' dir='ltr'>in</span> <span class='ocrx_word' id='word_1_206' title='bbox 635 2593 793 2657; x_wconf 90' lang='lat' dir='ltr'>dicionem</span> <span class='ocrx_word' id='word_1_207' title='bbox 818 2593 928 2677; x_wconf 86' lang='lat' dir='ltr'>redegi</span> <span class='ocrx_word' id='word_1_208' title='bbox 953 2615 1071 2679; x_wconf 91' lang='lat' dir='ltr'>meam,</span> <span class='ocrx_word' id='word_1_209' title='bbox 1104 2602 1139 2663; x_wconf 80' lang='lat' dir='ltr'>tc</span> 
     </span>
     <span class='ocr_line' id='line_1_29' title="bbox 129 2680 1139 2766; baseline 0.01 -26"><span class='ocrx_word' id='word_1_210' title='bbox 129 2680 234 2760; x_wconf 89' lang='lat' dir='ltr'>ipsum</span> <span class='ocrx_word' id='word_1_211' title='bbox 257 2680 324 2742; x_wconf 90' lang='lat' dir='ltr'>acie</span> <span class='ocrx_word' id='word_1_212' title='bbox 347 2681 416 2744; x_wconf 84' lang='lat' dir='ltr'>vici</span> <span class='ocrx_word' id='word_1_213' title='bbox 453 2680 555 2756; x_wconf 86' lang='lat' dir='ltr'>Quem</span> <span class='ocrx_word' id='word_1_214' title='bbox 577 2682 638 2745; x_wconf 91' lang='lat' dir='ltr'>etsi</span> <span class='ocrx_word' id='word_1_215' title='bbox 659 2681 741 2745; x_wconf 91' lang='lat' dir='ltr'>nihil</span> <span class='ocrx_word' id='word_1_216' title='bbox 763 2703 783 2744; x_wconf 84' lang='lat' dir='ltr'>a</span> <span class='ocrx_word' id='word_1_217' title='bbox 804 2703 855 2744; x_wconf 91' lang='lat' dir='ltr'>me</span> <span class='ocrx_word' id='word_1_218' title='bbox 868 2682 1028 2764; x_wconf 87' lang='lat' dir='ltr'>inpetrare</span> <span class='ocrx_word' id='word_1_219' title='bbox 1042 2705 1139 2766; x_wconf 89' lang='lat' dir='ltr'>opor·</span> 
     </span>
     <span class='ocr_line' id='line_1_30' title="bbox 128 2765 1138 2850; baseline 0.011 -23"><span class='ocrx_word' id='word_1_220' title='bbox 128 2765 226 2846; x_wconf 87' lang='lat' dir='ltr'>tebat,</span> <span class='ocrx_word' id='word_1_221' title='bbox 248 2769 359 2848; x_wconf 89' lang='lat' dir='ltr'>utpote</span> <span class='ocrx_word' id='word_1_222' title='bbox 382 2767 438 2849; x_wconf 93' lang='lat' dir='ltr'>qui</span> <span class='ocrx_word' id='word_1_223' title='bbox 459 2789 500 2830; x_wconf 92' lang='lat' dir='ltr'>ne</span> <span class='ocrx_word' id='word_1_224' title='bbox 522 2769 599 2831; x_wconf 90' lang='lat' dir='ltr'>belli</span> <span class='ocrx_word' id='word_1_225' title='bbox 621 2770 748 2850; x_wconf 91' lang='lat' dir='ltr'>quidem</span> <span class='ocrx_word' id='word_1_226' title='bbox 770 2769 805 2831; x_wconf 94' lang='lat' dir='ltr'>in</span> <span class='ocrx_word' id='word_1_227' title='bbox 827 2790 878 2831; x_wconf 90' lang='lat' dir='ltr'>me</span> <span class='ocrx_word' id='word_1_228' title='bbox 897 2770 968 2833; x_wconf 87' lang='lat' dir='ltr'>iura</span> <span class='ocrx_word' id='word_1_229' title='bbox 991 2791 1138 2838; x_wconf 82' lang='lat' dir='ltr'>servave-</span> 
     </span>
     <span class='ocr_line' id='line_1_31' title="bbox 128 2853 1139 2943; baseline 0.008 -28"><span class='ocrx_word' id='word_1_230' title='bbox 128 2853 182 2934; x_wconf 87' lang='lat' dir='ltr'>ris,</span> <span class='ocrx_word' id='word_1_231' title='bbox 205 2855 322 2937; x_wconf 90' lang='lat' dir='ltr'>tamen,</span> <span class='ocrx_word' id='word_1_232' title='bbox 345 2853 373 2916; x_wconf 92' lang='lat' dir='ltr'>si</span> <span class='ocrx_word' id='word_1_233' title='bbox 395 2855 519 2917; x_wconf 86' lang='lat' dir='ltr'>veneris</span> <span class='ocrx_word' id='word_1_234' title='bbox 543 2856 684 2938; x_wconf 86' lang='lat' dir='ltr'>supplex,</span> <span class='ocrx_word' id='word_1_235' title='bbox 707 2858 739 2918; x_wconf 92' lang='lat' dir='ltr'>et</span> <span class='ocrx_word' id='word_1_236' title='bbox 760 2860 897 2919; x_wconf 87' lang='lat' dir='ltr'>matrem</span> <span class='ocrx_word' id='word_1_237' title='bbox 916 2860 948 2919; x_wconf 88' lang='lat' dir='ltr'>et</span> <span class='ocrx_word' id='word_1_238' title='bbox 966 2858 1139 2943; x_wconf 85' lang='lat' dir='ltr'>coniugem</span> 
     </span>
     <span class='ocr_line' id='line_1_32' title="bbox 78 2940 1139 3026; baseline 0.003 -18"><span class='ocrx_word' id='word_1_239' title='bbox 78 2958 110 3007; x_wconf 82' lang='lat'>14</span> <span class='ocrx_word' id='word_1_240' title='bbox 129 2944 161 3003; x_wconf 90' lang='lat' dir='ltr'>et</span> <span class='ocrx_word' id='word_1_241' title='bbox 190 2940 307 3004; x_wconf 90' lang='lat' dir='ltr'>liberos</span> <span class='ocrx_word' id='word_1_242' title='bbox 337 2941 406 3004; x_wconf 90' lang='lat' dir='ltr'>sine</span> <span class='ocrx_word' id='word_1_243' title='bbox 434 2943 537 3024; x_wconf 90' lang='lat' dir='ltr'>pretio</span> <span class='ocrx_word' id='word_1_244' title='bbox 564 2948 765 3025; x_wconf 90' lang='lat' dir='ltr'>recepturum</span> <span class='ocrx_word' id='word_1_245' title='bbox 793 2964 862 3007; x_wconf 87' lang='lat' dir='ltr'>esse</span> <span class='ocrx_word' id='word_1_246' title='bbox 883 2945 1046 3026; x_wconf 79' lang='lat' dir='ltr'>promitto</span> <span class='ocrx_word' id='word_1_247' title='bbox 1090 2946 1139 3013; x_wconf 84' lang='lat' dir='ltr'>Et</span> 
     </span>
     <span class='ocr_line' id='line_1_33' title="bbox 128 3028 1138 3107; baseline 0.007 -15"><span class='ocrx_word' id='word_1_248' title='bbox 128 3028 254 3092; x_wconf 85' lang='lat' dir='ltr'>vincere</span> <span class='ocrx_word' id='word_1_249' title='bbox 286 3030 318 3091; x_wconf 93' lang='lat' dir='ltr'>et</span> <span class='ocrx_word' id='word_1_250' title='bbox 349 3030 514 3093; x_wconf 91' lang='lat' dir='ltr'>consulere</span> <span class='ocrx_word' id='word_1_251' title='bbox 550 3031 641 3094; x_wconf 83' lang='lat' dir='ltr'>victis</span> <span class='ocrx_word' id='word_1_252' title='bbox 679 3031 752 3093; x_wconf 88' lang='lat' dir='ltr'>scic.</span> <span class='ocrx_word' id='word_1_253' title='bbox 803 3029 896 3105; x_wconf 86' lang='lat' dir='ltr'>Quod</span> <span class='ocrx_word' id='word_1_254' title='bbox 927 3033 955 3095; x_wconf 89' lang='lat' dir='ltr'>si</span> <span class='ocrx_word' id='word_1_255' title='bbox 985 3036 1018 3107; x_wconf 87' lang='lat' dir='ltr'>te</span> <span class='ocrx_word' id='word_1_256' title='bbox 1050 3055 1138 3100; x_wconf 91' lang='lat' dir='ltr'>conr-</span> 
     </span>
     <span class='ocr_line' id='line_1_34' title="bbox 128 3116 1139 3201; baseline 0.011 -22"><span class='ocrx_word' id='word_1_257' title='bbox 128 3116 256 3179; x_wconf 89' lang='lat' dir='ltr'>mittere</span> <span class='ocrx_word' id='word_1_258' title='bbox 278 3116 371 3180; x_wconf 91' lang='lat' dir='ltr'>nobis</span> <span class='ocrx_word' id='word_1_259' title='bbox 394 3117 501 3200; x_wconf 87' lang='lat' dir='ltr'>times,</span> <span class='ocrx_word' id='word_1_260' title='bbox 528 3117 674 3181; x_wconf 91' lang='lat' dir='ltr'>dabimus</span> <span class='ocrx_word' id='word_1_261' title='bbox 696 3116 790 3180; x_wconf 90' lang='lat' dir='ltr'>fidem</span> <span class='ocrx_word' id='word_1_262' title='bbox 812 3119 933 3201; x_wconf 90' lang='lat' dir='ltr'>inpune</span> <span class='ocrx_word' id='word_1_263' title='bbox 956 3123 1139 3190; x_wconf 84' lang='lat' dir='ltr'>venturum.</span> 
     </span>
     <span class='ocr_line' id='line_1_35' title="bbox 127 3203 1139 3295; baseline 0.007 -29"><span class='ocrx_word' id='word_1_264' title='bbox 127 3203 176 3266; x_wconf 93' lang='lat' dir='ltr'>De</span> <span class='ocrx_word' id='word_1_265' title='bbox 199 3207 313 3287; x_wconf 89' lang='lat' dir='ltr'>cetero,</span> <span class='ocrx_word' id='word_1_266' title='bbox 335 3224 407 3268; x_wconf 92' lang='lat' dir='ltr'>cum</span> <span class='ocrx_word' id='word_1_267' title='bbox 429 3205 508 3267; x_wconf 91' lang='lat' dir='ltr'>mihi</span> <span class='ocrx_word' id='word_1_268' title='bbox 530 3206 657 3289; x_wconf 88' lang='lat' dir='ltr'>scribes,</span> <span class='ocrx_word' id='word_1_269' title='bbox 680 3207 840 3269; x_wconf 91' lang='lat' dir='ltr'>memento</span> <span class='ocrx_word' id='word_1_270' title='bbox 858 3227 925 3269; x_wconf 92' lang='lat' dir='ltr'>non</span> <span class='ocrx_word' id='word_1_271' title='bbox 943 3208 1048 3271; x_wconf 90' lang='lat' dir='ltr'>solum</span> <span class='ocrx_word' id='word_1_272' title='bbox 1066 3213 1139 3295; x_wconf 86' lang='lat' dir='ltr'>regi</span> 
     </span>
     <span class='ocr_line' id='line_1_36' title="bbox 127 3291 1138 3376; baseline 0.007 -22"><span class='ocrx_word' id='word_1_273' title='bbox 127 3294 169 3373; x_wconf 87' lang='lat' dir='ltr'>te,</span> <span class='ocrx_word' id='word_1_274' title='bbox 193 3291 248 3354; x_wconf 90' lang='lat' dir='ltr'>sed</span> <span class='ocrx_word' id='word_1_275' title='bbox 265 3292 361 3355; x_wconf 90' lang='lat' dir='ltr'>etiam</span> <span class='ocrx_word' id='word_1_276' title='bbox 374 3296 431 3356; x_wconf 89' lang='lat' dir='ltr'>tuo</span> <span class='ocrx_word' id='word_1_277' title='bbox 447 3292 602 3356; x_wconf 71' lang='lat' dir='ltr'>scribere?</span> <span class='ocrx_word' id='word_1_278' title='bbox 639 3292 691 3356; x_wconf 89' lang='lat' dir='ltr'>Ad</span> <span class='ocrx_word' id='word_1_279' title='bbox 704 3293 788 3357; x_wconf 86' lang='lat' dir='ltr'>hunc</span> <span class='ocrx_word' id='word_1_280' title='bbox 800 3293 1022 3376; x_wconf 85' lang='lat' dir='ltr'>perferendam</span> <span class='ocrx_word' id='word_1_281' title='bbox 1035 3295 1138 3362; x_wconf 80' lang='lat' dir='ltr'>Ther-</span> 
     </span>
     <span class='ocr_line' id='line_1_37' title="bbox 128 3380 457 3463; baseline 0.003 -21"><span class='ocrx_word' id='word_1_282' title='bbox 128 3380 238 3463; x_wconf 89' lang='lat' dir='ltr'>sippus</span> <span class='ocrx_word' id='word_1_283' title='bbox 262 3384 311 3442; x_wconf 89' lang='lat' dir='ltr'>est</span> <span class='ocrx_word' id='word_1_284' title='bbox 332 3381 457 3444; x_wconf 88' lang='lat' dir='ltr'>missus.</span> 
     </span>
     <span class='ocr_line' id='line_1_38' title="bbox 77 3467 1174 3554; baseline 0.005 -20"><span class='ocrx_word' id='word_1_285' title='bbox 77 3486 109 3534; x_wconf 83' lang='lat'>15</span> <span class='ocrx_word' id='word_1_286' title='bbox 216 3467 255 3531; x_wconf 93' lang='lat' dir='ltr'>ln</span> <span class='ocrx_word' id='word_1_287' title='bbox 267 3467 450 3532; x_wconf 89' lang='lat' dir='ltr'>Phoenicen</span> <span class='ocrx_word' id='word_1_288' title='bbox 472 3469 579 3532; x_wconf 81' lang='lat' dir='ltr'>deinde</span> <span class='ocrx_word' id='word_1_289' title='bbox 601 3468 763 3532; x_wconf 88' lang='lat' dir='ltr'>descendit</span> <span class='ocrx_word' id='word_1_290' title='bbox 785 3470 817 3532; x_wconf 92' lang='lat' dir='ltr'>et</span> <span class='ocrx_word' id='word_1_291' title='bbox 839 3469 992 3553; x_wconf 91' lang='lat' dir='ltr'>oppidum</span> <span class='ocrx_word' id='word_1_292' title='bbox 1005 3469 1138 3554; x_wconf 85' lang='lat' dir='ltr'>Byblon</span> <span class='ocrx_word' id='word_1_293' title='bbox 1152 3475 1174 3541; x_wconf 85' lang='lat'>3</span> 
     </span>
     <span class='ocr_line' id='line_1_39' title="bbox 127 3555 1138 3642; baseline 0.007 -23"><span class='ocrx_word' id='word_1_294' title='bbox 127 3556 280 3621; x_wconf 87' lang='lat' dir='ltr'>traditum</span> <span class='ocrx_word' id='word_1_295' title='bbox 308 3557 435 3639; x_wconf 89' lang='lat' dir='ltr'>recepit.</span> <span class='ocrx_word' id='word_1_296' title='bbox 475 3555 554 3621; x_wconf 91' lang='lat' dir='ltr'>Inde</span> <span class='ocrx_word' id='word_1_297' title='bbox 582 3556 622 3621; x_wconf 87' lang='lat' dir='ltr'>ad</span> <span class='ocrx_word' id='word_1_298' title='bbox 645 3555 765 3622; x_wconf 81' lang='lat' dir='ltr'>Sidona</span> <span class='ocrx_word' id='word_1_299' title='bbox 791 3560 923 3621; x_wconf 87' lang='lat' dir='ltr'>ventum</span> <span class='ocrx_word' id='word_1_300' title='bbox 945 3561 1002 3642; x_wconf 87' lang='lat' dir='ltr'>est,</span> <span class='ocrx_word' id='word_1_301' title='bbox 1024 3560 1138 3626; x_wconf 90' lang='lat' dir='ltr'>urbem</span> 
     </span>
    </p>
   </div>
   <div class='ocr_carea' id='block_1_3' title="bbox 0 0 1226 3908">
    <p class='ocr_par' dir='ltr' id='par_1_3' title="bbox 0 0 1226 3908">
     <span class='ocr_line' id='line_1_40' title="bbox 0 0 1226 3908; baseline 0 3"><span class='ocrx_word' id='word_1_302' title='bbox 0 0 1226 3908; x_wconf 95' lang='lat' dir='ltr'> </span> 
     </span>
    </p>
   </div>
  </div>
 </body>
</html>
