2444 3908
132 188 198 252 242
360 170 361 173 ‘
506 188 537 254 o.
556 186 666 242 cuam
684 188 771 243 auur

76 343 113 392 30
132 354 220 396 mum
238 331 361 416 recepit
378 335 412 396 et
429 332 672 396 circumstantes
691 331 799 415 coepit
816 331 1021 415 adgnoscere.
1057 331 1147 398 Toto

132 441 170 483 eo
197 420 248 483 die
276 441 313 484 ae
340 422 447 502 nocte,
474 441 555 503 quae
582 424 692 484 secuta
719 423 781 502 est,
810 424 953 483 armatus
982 420 1146 486 exercitus

131 507 256 591 regiam
279 507 405 572 obsedit
427 507 607 591 confessus,
631 529 741 572 omnes
764 508 858 571 unius
883 508 1000 590 spiritu
1023 509 1146 574 vivere.

132 594 201 660 Nec
231 595 321 678 prius
352 598 566 679 recesserunt,
597 617 694 679 quarn
726 599 913 678 conpertum
944 600 995 660 est
1027 618 1145 661 somno

132 683 296 767 paulisper
324 683 536 767 adquiescere.
585 681 671 748 Hinc
703 685 872 749 certiorem
905 705 995 767 spem
1023 684 1144 749 salutis

132 772 200 836 eius
223 771 258 835 in
281 775 387 837 castra
409 771 611 836 rettulerunt.

555 925 635 993 One.
662 918 716 993 Vl.

99 1046 112 1094 1
219 1035 289 1099 Rex
316 1052 366 1099 v11
394 1034 505 1099 diebus
532 1038 644 1099 curato
674 1035 805 1098 vulnere
834 1034 970 1099 necdum
1001 1035 1144 1100 obducta
1154 1039 1193 1104 23

133 1124 296 1206 cicatrice,
331 1144 404 1187 cum
440 1122 583 1187 audisset
618 1122 820 1186 convaluisse
857 1122 941 1205 apud
982 1123 1143 1188 barbaros

133 1212 253 1274 famam
276 1211 391 1274 mortis
415 1231 505 1292 suae,
532 1210 655 1275 duobus
677 1210 818 1293 navigiis
840 1209 958 1274 iunctis
982 1212 1085 1275 statui
1107 1212 1144 1276 in

133 1298 273 1361 medium
300 1298 440 1381 undique
461 1298 670 1380 conspicuum
696 1298 940 1362 tabernaculum
963 1298 1073 1381 iussit,
1103 1321 1143 1363 ex

133 1407 196 1469 quo
225 1407 259 1449 se
283 1386 467 1449 ostenderet
492 1386 614 1468 perisse
641 1385 859 1450 credentibus:
887 1391 1142 1470 conspectusque

133 1473 174 1537 ab
198 1473 311 1538 incolis
337 1495 426 1556 spem
453 1474 598 1538 hostium
623 1473 708 1538 falso
734 1472 849 1538 nuntio
877 1478 1065 1556 conceptam
1093 1475 1142 1539 in·

98 1561 249 1625 ahibuit.
297 1559 441 1626 Secundo
478 1562 593 1626 deinde
629 1583 722 1626 amne
753 1561 899 1645 defluxit,
936 1562 1142 1645 aliquantum

132 1649 297 1713 intervalli
320 1652 468 1714 arcetera
491 1650 594 1714 classe
615 1649 828 1733 praecipiens,
855 1671 896 1713 ne
924 1651 1014 1733 quies
1036 1651 1142 1734 perin-

132 1736 239 1801 valido
264 1737 367 1801 adhuc
388 1737 571 1802 necessaria
592 1737 688 1820 pulsu
709 1759 870 1801 remorum
892 1737 1102 1820 inpediretur.

98 1836 115 1884 3
224 1823 360 1910 Quarto,
379 1829 552 1910 postquam
569 1826 724 1908 navigare
744 1829 904 1908 coeperat,
923 1826 974 1890 die
992 1828 1143 1909 pervenit

133 1914 168 1977 in
185 1915 351 1996 regionem
369 1913 530 1977 desertam
549 1914 677 1997 quidem
696 1913 735 1977 ab
755 1913 885 1991 incolis,
904 1913 959 1977 sed
977 1913 1142 1979 frumento

134 2005 166 2066 et
183 2002 352 2085 pecoribus
371 2002 596 2074 abundantem.
632 2000 756 2065 Placuit
774 2002 803 2065 is
826 2001 914 2065 locus
935 2004 967 2066 et
985 2002 1026 2066 ad
1049 2025 1142 2067 suam

98 2100 115 2147 4
134 2092 168 2153 et
182 2088 222 2152 ad
236 2089 376 2153 militum
390 2090 542 2172 requiem.
574 2089 646 2153 Mos
660 2093 731 2154 erat
748 2089 946 2172 principibus
963 2091 1142 2155 amicorum

133 2181 165 2240 et
188 2176 375 2240 custodibus
395 2178 538 2258 corporis
557 2179 714 2241 excubare
733 2181 806 2240 ante
829 2178 1042 2262 praetorium,
1064 2201 1142 2262 quo-

133 2264 218 2327 tiens
241 2264 375 2328 adversa
396 2264 467 2347 regi
488 2264 632 2328 valitudo
655 2265 830 2329 incidisset.
874 2263 945 2330 Hoc
967 2269 1039 2330 tum
1064 2288 1143 2351 quo-

133 2373 195 2434 quc
228 2373 318 2416 more
350 2357 477 2417 servato
512 2351 655 2417 universi
688 2352 871 2417 cubiculum
903 2354 971 2418 eius
1009 2355 1145 2421 intrant.

98 2449 114 2496 ὁ
132 2438 194 2504 Ille
212 2439 380 2524 sollicitus,
398 2462 438 2504 nc
456 2440 535 2524 quid
552 2441 629 2505 novi
647 2439 819 2524 adferrent,
838 2441 914 2524 quia
931 2441 1030 2506 simul
1047 2463 1143 2508 vene·

132 2531 221 2610 rant,
255 2531 477 2612 percontatur,
508 2550 586 2592 num
616 2528 760 2592 hostium
791 2550 906 2610 repens
936 2529 1145 2595 nuntiaretur

98 2616 299 2681 cadventus.
337 2616 384 2680 At
407 2614 572 2699 Craterus,
599 2617 651 2682 cui
673 2617 862 2680 mandatum
884 2621 967 2702 erat,
999 2621 1037 2682 ut
1063 2619 1192 2684 ami-24

133 2724 244 2767 corum
278 2725 388 2786 preces
420 2704 576 2787 perferret
610 2702 650 2767 ad
682 2725 768 2787 eum,
804 2701 992 2789 ‘Credisnc',
1027 2705 1143 2791 inquit,

133 2788 288 2855 ‘adventu
321 2792 426 2875 magis
462 2792 606 2856 hostium
643 2828 680 2839 -
710 2796 748 2856 ut
778 2790 844 2856 iam
880 2793 914 2857 in
947 2793 1035 2858 vallo
1068 2816 1144 2859 con-

134 2877 285 2941 sisterent
318 2914 357 2925 —
391 2879 548 2944 sollicitos
579 2900 636 2945 uos
668 2901 752 2963 esse,
787 2901 884 2964 quam
916 2902 994 2946 cura
1026 2882 1143 2947 salutis

98 2975 113 3024 7
132 2969 220 3047 tuae,
242 2969 280 3029 ut
297 2987 384 3031 nune
402 2971 466 3052 est,
483 2967 546 3032 tibi
563 2966 661 3032 vilis?
698 2966 911 3043 Quantalibet
930 2969 979 3033 vis
998 2971 1144 3034 omnium

133 3054 279 3138 gentium
294 3056 456 3138 conspiret
473 3055 508 3119 in
523 3076 597 3139 nos,
614 3056 738 3139 inpleat
757 3057 856 3121 armis
873 3057 1017 3141 virisque
1036 3061 1144 3123 totum

133 3141 256 3225 orbem,
283 3143 439 3208 classibus
468 3143 571 3207 maria
598 3146 794 3223 consternat,
822 3144 1007 3210 invisitatas
1029 3146 1145 3211 beluas

97 3241 113 3290 8
133 3229 276 3295 inducat:
298 3234 337 3295 tu
358 3252 418 3295 nos
440 3231 622 3314 praestabis
643 3231 791 3297 invictos.
832 3230 894 3298 Sed
918 3233 990 3317 quis
1010 3233 1145 3299 deorum

132 3319 194 3383 hoc
224 3318 433 3384 Macedoniae
469 3320 619 3384 columen
656 3341 694 3385 ac
728 3319 816 3386 sidus
852 3321 1039 3386 diuturnum
1075 3323 1146 3387 fore

132 3407 280 3490 polliceri
305 3410 428 3492 potest,
460 3429 532 3472 cum
562 3411 629 3472 tarn
658 3409 750 3474 avide
780 3408 962 3474 manifestis
991 3410 1146 3493 periculis

132 3496 248 3560 offeras
276 3516 404 3580 corpus,
435 3495 557 3561 oblitus
584 3499 636 3560 tot
662 3497 781 3562 civium
809 3496 934 3562 animas
960 3498 1090 3564 trahere
1113 3503 1148 3564 te

94 3582 164 3645 9in
192 3582 325 3648 casum?
366 3583 445 3660 Quis
476 3583 563 3649 enirn
589 3585 651 3650 tibi
679 3588 840 3668 superstes
869 3589 926 3650 aut
953 3591 1048 3671 optat
1075 3608 1147 3652 esse
