<?xml version="1.0" encoding="UTF-8"?>
<!DOCTYPE html PUBLIC "-//W3C//DTD XHTML 1.0 Transitional//EN"
    "http://www.w3.org/TR/xhtml1/DTD/xhtml1-transitional.dtd">
<html xmlns="http://www.w3.org/1999/xhtml" xml:lang="en" lang="en">
 <head>
  <title>
</title>
<meta http-equiv="Content-Type" content="text/html;charset=utf-8" />
  <meta name='ocr-system' content='tesseract 3.04.00' />
  <meta name='ocr-capabilities' content='ocr_page ocr_carea ocr_par ocr_line ocrx_word'/>
</head>
<body>
  <div class='ocr_page' id='page_1' title='image "./historiarumalex01rufugoog_0149.png"; bbox 0 0 2444 3908; ppageno 0'>
   <div class='ocr_carea' id='block_1_1' title="bbox 135 128 773 196">
    <p class='ocr_par' dir='ltr' id='par_1_1' title="bbox 135 128 773 196">
     <span class='ocr_line' id='line_1_1' title="bbox 135 128 773 196; baseline 0 -14"><span class='ocrx_word' id='word_1_1' title='bbox 135 131 196 194; x_wconf 87' lang='grc'>116</span> <span class='ocrx_word' id='word_1_2' title='bbox 507 130 539 196; x_wconf 83' lang='lat' dir='ltr'>Q.</span> <span class='ocrx_word' id='word_1_3' title='bbox 559 129 669 184; x_wconf 84' lang='lat' dir='ltr'>CURTI</span> <span class='ocrx_word' id='word_1_4' title='bbox 687 128 773 183; x_wconf 84' lang='lat' dir='ltr'>RUFI</span> 
     </span>
    </p>
   </div>
   <div class='ocr_carea' id='block_1_2' title="bbox 82 271 1183 3611">
    <p class='ocr_par' dir='ltr' id='par_1_2' title="bbox 82 271 1183 3611">
     <span class='ocr_line' id='line_1_2' title="bbox 99 271 1150 356; baseline 0.002 -18"><span class='ocrx_word' id='word_1_5' title='bbox 99 275 261 338; x_wconf 74' lang='lat' dir='ltr'>ldinibus</span> <span class='ocrx_word' id='word_1_6' title='bbox 290 274 388 338; x_wconf 88' lang='lat' dir='ltr'>effuse</span> <span class='ocrx_word' id='word_1_7' title='bbox 416 274 569 337; x_wconf 88' lang='lat' dir='ltr'>fluentem</span> <span class='ocrx_word' id='word_1_8' title='bbox 595 271 629 335; x_wconf 92' lang='lat' dir='ltr'>in</span> <span class='ocrx_word' id='word_1_9' title='bbox 657 293 691 335; x_wconf 91' lang='lat' dir='ltr'>se</span> <span class='ocrx_word' id='word_1_10' title='bbox 719 273 822 336; x_wconf 82' lang='lat' dir='ltr'>aciem</span> <span class='ocrx_word' id='word_1_11' title='bbox 849 293 1009 356; x_wconf 82' lang='lat' dir='ltr'>excepere.</span> <span class='ocrx_word' id='word_1_12' title='bbox 1065 273 1150 340; x_wconf 93' lang='lat' dir='ltr'>Non</span> 
     </span>
     <span class='ocr_line' id='line_1_3' title="bbox 133 359 1149 445; baseline -0.001 -18"><span class='ocrx_word' id='word_1_13' title='bbox 133 362 220 427; x_wconf 91' lang='lat' dir='ltr'>aliud</span> <span class='ocrx_word' id='word_1_14' title='bbox 249 362 422 426; x_wconf 80' lang='lat' dir='ltr'>discrimen</span> <span class='ocrx_word' id='word_1_15' title='bbox 449 359 669 425; x_wconf 86' lang='lat' dir='ltr'>vehementius</span> <span class='ocrx_word' id='word_1_16' title='bbox 699 361 799 424; x_wconf 89' lang='lat' dir='ltr'>fuisse</span> <span class='ocrx_word' id='word_1_17' title='bbox 829 360 1004 425; x_wconf 80' lang='lat' dir='ltr'>memoriae</span> <span class='ocrx_word' id='word_1_18' title='bbox 1031 362 1149 445; x_wconf 85' lang='lat' dir='ltr'>prodi-</span> 
     </span>
     <span class='ocr_line' id='line_1_4' title="bbox 134 448 1149 532; baseline 0.001 -18"><span class='ocrx_word' id='word_1_19' title='bbox 134 454 204 515; x_wconf 89' lang='lat' dir='ltr'>tum</span> <span class='ocrx_word' id='word_1_20' title='bbox 224 453 282 513; x_wconf 88' lang='lat' dir='ltr'>est.</span> <span class='ocrx_word' id='word_1_21' title='bbox 322 448 469 513; x_wconf 92' lang='lat' dir='ltr'>Duarum</span> <span class='ocrx_word' id='word_1_22' title='bbox 485 448 763 512; x_wconf 89' lang='lat' dir='ltr'>nobilissimarum</span> <span class='ocrx_word' id='word_1_23' title='bbox 782 448 868 512; x_wconf 93' lang='lat' dir='ltr'>bello</span> <span class='ocrx_word' id='word_1_24' title='bbox 888 448 1034 532; x_wconf 88' lang='lat' dir='ltr'>gentium</span> <span class='ocrx_word' id='word_1_25' title='bbox 1054 470 1149 515; x_wconf 90' lang='lat' dir='ltr'>exer·</span> 
     </span>
     <span class='ocr_line' id='line_1_5' title="bbox 99 535 1149 623; baseline 0 -21"><span class='ocrx_word' id='word_1_26' title='bbox 99 539 216 602; x_wconf 70' lang='lat' dir='ltr'>Scitus</span> <span class='ocrx_word' id='word_1_27' title='bbox 248 537 319 622; x_wconf 91' lang='lat' dir='ltr'>pari</span> <span class='ocrx_word' id='word_1_28' title='bbox 350 536 455 601; x_wconf 88' lang='lat' dir='ltr'>Marte</span> <span class='ocrx_word' id='word_1_29' title='bbox 491 537 688 620; x_wconf 75' lang='lat' dir='ltr'>pugnabant.</span> <span class='ocrx_word' id='word_1_30' title='bbox 745 535 991 600; x_wconf 90' lang='lat' dir='ltr'>Lacedaemonii</span> <span class='ocrx_word' id='word_1_31' title='bbox 1022 540 1149 623; x_wconf 85' lang='lat' dir='ltr'>vetera,</span> 
     </span>
     <span class='ocr_line' id='line_1_6' title="bbox 133 624 1149 709; baseline 0.001 -19"><span class='ocrx_word' id='word_1_32' title='bbox 133 625 324 690; x_wconf 89' lang='lat' dir='ltr'>Macedones</span> <span class='ocrx_word' id='word_1_33' title='bbox 339 625 523 709; x_wconf 89' lang='lat' dir='ltr'>praesentia</span> <span class='ocrx_word' id='word_1_34' title='bbox 537 624 652 688; x_wconf 88' lang='lat' dir='ltr'>decora</span> <span class='ocrx_word' id='word_1_35' title='bbox 665 624 888 688; x_wconf 71' lang='lat' dir='ltr'>intuebantur:</span> <span class='ocrx_word' id='word_1_36' title='bbox 906 624 955 687; x_wconf 93' lang='lat' dir='ltr'>illi</span> <span class='ocrx_word' id='word_1_37' title='bbox 973 645 1031 706; x_wconf 93' lang='lat' dir='ltr'>pro</span> <span class='ocrx_word' id='word_1_38' title='bbox 1045 625 1149 691; x_wconf 91' lang='lat' dir='ltr'>liber-</span> 
     </span>
     <span class='ocr_line' id='line_1_7' title="bbox 134 711 1149 797; baseline 0.002 -20"><span class='ocrx_word' id='word_1_39' title='bbox 134 718 215 797; x_wconf 88' lang='lat' dir='ltr'>tate,</span> <span class='ocrx_word' id='word_1_40' title='bbox 247 715 282 778; x_wconf 88' lang='lat' dir='ltr'>hi</span> <span class='ocrx_word' id='word_1_41' title='bbox 308 735 367 797; x_wconf 90' lang='lat' dir='ltr'>pro</span> <span class='ocrx_word' id='word_1_42' title='bbox 397 712 614 777; x_wconf 87' lang='lat' dir='ltr'>dominatione</span> <span class='ocrx_word' id='word_1_43' title='bbox 641 712 846 795; x_wconf 81' lang='lat' dir='ltr'>pugnabant:</span> <span class='ocrx_word' id='word_1_44' title='bbox 877 711 1149 780; x_wconf 89' lang='lat' dir='ltr'>Lacedaemoniis</span> 
     </span>
     <span class='ocr_line' id='line_1_8' title="bbox 99 799 1148 885; baseline 0.006 -23"><span class='ocrx_word' id='word_1_45' title='bbox 99 804 211 885; x_wconf 85' lang='lat' dir='ltr'>odax,</span> <span class='ocrx_word' id='word_1_46' title='bbox 244 800 473 865; x_wconf 86' lang='lat' dir='ltr'>Macedonibus</span> <span class='ocrx_word' id='word_1_47' title='bbox 501 800 591 864; x_wconf 91' lang='lat' dir='ltr'>locus</span> <span class='ocrx_word' id='word_1_48' title='bbox 618 799 736 865; x_wconf 87' lang='lat' dir='ltr'>deerat.</span> <span class='ocrx_word' id='word_1_49' title='bbox 786 799 859 864; x_wconf 93' lang='lat' dir='ltr'>Diei</span> <span class='ocrx_word' id='word_1_50' title='bbox 887 820 1013 883; x_wconf 90' lang='lat' dir='ltr'>quoqne</span> <span class='ocrx_word' id='word_1_51' title='bbox 1045 802 1148 868; x_wconf 88' lang='lat' dir='ltr'>unius</span> 
     </span>
     <span class='ocr_line' id='line_1_9' title="bbox 134 887 1148 973; baseline 0 -18"><span class='ocrx_word' id='word_1_52' title='bbox 134 897 202 955; x_wconf 89' lang='lat' dir='ltr'>tam</span> <span class='ocrx_word' id='word_1_53' title='bbox 221 890 392 973; x_wconf 86' lang='lat' dir='ltr'>multiplex</span> <span class='ocrx_word' id='word_1_54' title='bbox 415 909 508 953; x_wconf 88' lang='lat' dir='ltr'>casus</span> <span class='ocrx_word' id='word_1_55' title='bbox 531 887 626 952; x_wconf 90' lang='lat' dir='ltr'>modo</span> <span class='ocrx_word' id='word_1_56' title='bbox 646 909 746 971; x_wconf 91' lang='lat' dir='ltr'>spem,</span> <span class='ocrx_word' id='word_1_57' title='bbox 767 889 863 953; x_wconf 95' lang='lat' dir='ltr'>modo</span> <span class='ocrx_word' id='word_1_58' title='bbox 882 892 1004 952; x_wconf 88' lang='lat' dir='ltr'>metum</span> <span class='ocrx_word' id='word_1_59' title='bbox 1024 890 1148 955; x_wconf 86' lang='lat' dir='ltr'>utrius-</span> 
     </span>
     <span class='ocr_line' id='line_1_10' title="bbox 135 976 1149 1062; baseline 0.001 -20"><span class='ocrx_word' id='word_1_60' title='bbox 135 1000 196 1062; x_wconf 87' lang='lat' dir='ltr'>que</span> <span class='ocrx_word' id='word_1_61' title='bbox 219 979 322 1061; x_wconf 90' lang='lat' dir='ltr'>partis</span> <span class='ocrx_word' id='word_1_62' title='bbox 346 977 499 1060; x_wconf 91' lang='lat' dir='ltr'>augebat,</span> <span class='ocrx_word' id='word_1_63' title='bbox 527 977 616 1041; x_wconf 88' lang='lat' dir='ltr'>velut</span> <span class='ocrx_word' id='word_1_64' title='bbox 643 976 682 1039; x_wconf 90' lang='lat' dir='ltr'>de</span> <span class='ocrx_word' id='word_1_65' title='bbox 709 976 867 1040; x_wconf 86' lang='lat' dir='ltr'>industria</span> <span class='ocrx_word' id='word_1_66' title='bbox 893 976 978 1040; x_wconf 88' lang='lat' dir='ltr'>inter</span> <span class='ocrx_word' id='word_1_67' title='bbox 1003 976 1149 1043; x_wconf 89' lang='lat' dir='ltr'>fortissi-</span> 
     </span>
     <span class='ocr_line' id='line_1_11' title="bbox 85 1060 1149 1148; baseline -0.002 -14"><span class='ocrx_word' id='word_1_68' title='bbox 85 1086 116 1134; x_wconf 80' lang='grc' dir='ltr'>ιο</span> <span class='ocrx_word' id='word_1_69' title='bbox 135 1090 205 1132; x_wconf 91' lang='lat' dir='ltr'>mos</span> <span class='ocrx_word' id='word_1_70' title='bbox 233 1067 320 1130; x_wconf 87' lang='lat' dir='ltr'>viros</span> <span class='ocrx_word' id='word_1_71' title='bbox 348 1069 509 1128; x_wconf 90' lang='lat' dir='ltr'>certamen</span> <span class='ocrx_word' id='word_1_72' title='bbox 536 1067 694 1148; x_wconf 87' lang='lat' dir='ltr'>aequante</span> <span class='ocrx_word' id='word_1_73' title='bbox 721 1064 860 1129; x_wconf 88' lang='lat' dir='ltr'>fortuna.</span> <span class='ocrx_word' id='word_1_74' title='bbox 909 1060 1060 1129; x_wconf 78' lang='lat' dir='ltr'>Ceterum</span> <span class='ocrx_word' id='word_1_75' title='bbox 1089 1088 1149 1132; x_wconf 86' lang='lat' dir='ltr'>an·</span> 
     </span>
     <span class='ocr_line' id='line_1_12' title="bbox 136 1152 1149 1238; baseline 0.002 -21"><span class='ocrx_word' id='word_1_76' title='bbox 136 1154 263 1238; x_wconf 73' lang='lat' dir='ltr'>guntiae</span> <span class='ocrx_word' id='word_1_77' title='bbox 287 1153 361 1235; x_wconf 90' lang='lat' dir='ltr'>loci,</span> <span class='ocrx_word' id='word_1_78' title='bbox 385 1153 420 1215; x_wconf 89' lang='lat' dir='ltr'>in</span> <span class='ocrx_word' id='word_1_79' title='bbox 443 1174 505 1234; x_wconf 91' lang='lat' dir='ltr'>quo</span> <span class='ocrx_word' id='word_1_80' title='bbox 529 1152 678 1216; x_wconf 87' lang='lat' dir='ltr'>haeserat</span> <span class='ocrx_word' id='word_1_81' title='bbox 700 1172 823 1235; x_wconf 88' lang='lat' dir='ltr'>pugna,</span> <span class='ocrx_word' id='word_1_82' title='bbox 844 1173 911 1216; x_wconf 92' lang='lat' dir='ltr'>non</span> <span class='ocrx_word' id='word_1_83' title='bbox 933 1152 1149 1235; x_wconf 84' lang='lat' dir='ltr'>patiebantur</span> 
     </span>
     <span class='ocr_line' id='line_1_13' title="bbox 134 1239 1149 1325; baseline 0.002 -20"><span class='ocrx_word' id='word_1_84' title='bbox 134 1243 214 1305; x_wconf 91' lang='lat' dir='ltr'>totis</span> <span class='ocrx_word' id='word_1_85' title='bbox 242 1240 367 1324; x_wconf 84' lang='lat' dir='ltr'>ingredi</span> <span class='ocrx_word' id='word_1_86' title='bbox 396 1239 533 1304; x_wconf 84' lang='lat' dir='ltr'>viribus:</span> <span class='ocrx_word' id='word_1_87' title='bbox 566 1239 755 1321; x_wconf 86' lang='lat' dir='ltr'>spectabant</span> <span class='ocrx_word' id='word_1_88' title='bbox 786 1259 862 1323; x_wconf 88' lang='lat' dir='ltr'>ergo</span> <span class='ocrx_word' id='word_1_89' title='bbox 889 1241 1012 1323; x_wconf 88' lang='lat' dir='ltr'>plures,</span> <span class='ocrx_word' id='word_1_90' title='bbox 1045 1263 1149 1325; x_wconf 87' lang='lat' dir='ltr'>quam</span> 
     </span>
     <span class='ocr_line' id='line_1_14' title="bbox 134 1326 1149 1411; baseline 0.004 -19"><span class='ocrx_word' id='word_1_91' title='bbox 134 1329 275 1392; x_wconf 89' lang='lat' dir='ltr'>inierant</span> <span class='ocrx_word' id='word_1_92' title='bbox 292 1329 459 1411; x_wconf 92' lang='lat' dir='ltr'>proelium,</span> <span class='ocrx_word' id='word_1_93' title='bbox 483 1331 516 1392; x_wconf 92' lang='lat' dir='ltr'>et</span> <span class='ocrx_word' id='word_1_94' title='bbox 543 1328 599 1410; x_wconf 90' lang='lat' dir='ltr'>qui</span> <span class='ocrx_word' id='word_1_95' title='bbox 621 1331 711 1391; x_wconf 88' lang='lat' dir='ltr'>extra</span> <span class='ocrx_word' id='word_1_96' title='bbox 734 1326 791 1391; x_wconf 92' lang='lat' dir='ltr'>teli</span> <span class='ocrx_word' id='word_1_97' title='bbox 813 1328 933 1392; x_wconf 92' lang='lat' dir='ltr'>iactum</span> <span class='ocrx_word' id='word_1_98' title='bbox 956 1332 1059 1410; x_wconf 89' lang='lat' dir='ltr'>erant,</span> <span class='ocrx_word' id='word_1_99' title='bbox 1082 1331 1149 1396; x_wconf 87' lang='lat' dir='ltr'>cla-</span> 
     </span>
     <span class='ocr_line' id='line_1_15' title="bbox 82 1412 1181 1484; baseline -0.001 -6"><span class='ocrx_word' id='word_1_100' title='bbox 82 1429 115 1478; x_wconf 80' lang='lat' dir='ltr'>ri</span> <span class='ocrx_word' id='word_1_101' title='bbox 135 1439 222 1482; x_wconf 92' lang='lat' dir='ltr'>more</span> <span class='ocrx_word' id='word_1_102' title='bbox 253 1416 391 1480; x_wconf 87' lang='lat' dir='ltr'>invicem</span> <span class='ocrx_word' id='word_1_103' title='bbox 423 1436 498 1479; x_wconf 89' lang='lat' dir='ltr'>suos</span> <span class='ocrx_word' id='word_1_104' title='bbox 530 1414 754 1479; x_wconf 88' lang='lat' dir='ltr'>accendebant.</span> <span class='ocrx_word' id='word_1_105' title='bbox 805 1415 948 1480; x_wconf 86' lang='lat' dir='ltr'>Tandem</span> <span class='ocrx_word' id='word_1_106' title='bbox 977 1412 1181 1484; x_wconf 81' lang='lat' dir='ltr'>Laconum2</span> 
     </span>
     <span class='ocr_line' id='line_1_16' title="bbox 136 1503 1149 1591; baseline 0.001 -22"><span class='ocrx_word' id='word_1_107' title='bbox 136 1506 220 1570; x_wconf 87' lang='lat' dir='ltr'>acies</span> <span class='ocrx_word' id='word_1_108' title='bbox 242 1506 462 1587; x_wconf 87' lang='lat' dir='ltr'>languescere,</span> <span class='ocrx_word' id='word_1_109' title='bbox 488 1503 613 1567; x_wconf 90' lang='lat' dir='ltr'>lubrica</span> <span class='ocrx_word' id='word_1_110' title='bbox 641 1524 730 1566; x_wconf 91' lang='lat' dir='ltr'>arma</span> <span class='ocrx_word' id='word_1_111' title='bbox 757 1503 871 1567; x_wconf 88' lang='lat' dir='ltr'>sudore</span> <span class='ocrx_word' id='word_1_112' title='bbox 894 1504 949 1568; x_wconf 82' lang='lat' dir='ltr'>vix</span> <span class='ocrx_word' id='word_1_113' title='bbox 972 1505 1149 1591; x_wconf 89' lang='lat' dir='ltr'>sustinens,</span> 
     </span>
     <span class='ocr_line' id='line_1_17' title="bbox 135 1591 1149 1677; baseline 0.002 -20"><span class='ocrx_word' id='word_1_114' title='bbox 135 1593 249 1677; x_wconf 90' lang='lat' dir='ltr'>pedem</span> <span class='ocrx_word' id='word_1_115' title='bbox 272 1591 385 1656; x_wconf 87' lang='lat' dir='ltr'>deinde</span> <span class='ocrx_word' id='word_1_116' title='bbox 408 1591 527 1655; x_wconf 90' lang='lat' dir='ltr'>referre</span> <span class='ocrx_word' id='word_1_117' title='bbox 551 1591 657 1673; x_wconf 91' lang='lat' dir='ltr'>coepit</span> <span class='ocrx_word' id='word_1_118' title='bbox 679 1594 711 1654; x_wconf 91' lang='lat' dir='ltr'>et</span> <span class='ocrx_word' id='word_1_119' title='bbox 733 1595 868 1674; x_wconf 89' lang='lat' dir='ltr'>urgente</span> <span class='ocrx_word' id='word_1_120' title='bbox 888 1592 982 1656; x_wconf 89' lang='lat' dir='ltr'>hoste</span> <span class='ocrx_word' id='word_1_121' title='bbox 1001 1594 1149 1675; x_wconf 85' lang='lat' dir='ltr'>apertius</span> 
     </span>
     <span class='ocr_line' id='line_1_18' title="bbox 84 1679 1148 1765; baseline 0.004 -22"><span class='ocrx_word' id='word_1_122' title='bbox 84 1696 116 1744; x_wconf 83' lang='lat'>12</span> <span class='ocrx_word' id='word_1_123' title='bbox 136 1682 255 1765; x_wconf 86' lang='lat' dir='ltr'>fugere.</span> <span class='ocrx_word' id='word_1_124' title='bbox 283 1679 517 1763; x_wconf 86' lang='lat' dir='ltr'>Insequebatur</span> <span class='ocrx_word' id='word_1_125' title='bbox 530 1679 703 1760; x_wconf 90' lang='lat' dir='ltr'>dissipatos</span> <span class='ocrx_word' id='word_1_126' title='bbox 717 1680 821 1743; x_wconf 83' lang='lat' dir='ltr'>victor</span> <span class='ocrx_word' id='word_1_127' title='bbox 836 1683 868 1743; x_wconf 90' lang='lat' dir='ltr'>et</span> <span class='ocrx_word' id='word_1_128' title='bbox 883 1702 1032 1745; x_wconf 88' lang='lat' dir='ltr'>emensus</span> <span class='ocrx_word' id='word_1_129' title='bbox 1047 1702 1148 1748; x_wconf 92' lang='lat' dir='ltr'>cursu</span> 
     </span>
     <span class='ocr_line' id='line_1_19' title="bbox 136 1767 1149 1854; baseline 0 -19"><span class='ocrx_word' id='word_1_130' title='bbox 136 1792 231 1835; x_wconf 90' lang='lat' dir='ltr'>omne</span> <span class='ocrx_word' id='word_1_131' title='bbox 255 1768 410 1852; x_wconf 90' lang='lat' dir='ltr'>spatium,</span> <span class='ocrx_word' id='word_1_132' title='bbox 433 1768 517 1851; x_wconf 92' lang='lat' dir='ltr'>quod</span> <span class='ocrx_word' id='word_1_133' title='bbox 541 1767 625 1831; x_wconf 89' lang='lat' dir='ltr'>acies</span> <span class='ocrx_word' id='word_1_134' title='bbox 642 1767 805 1831; x_wconf 90' lang='lat' dir='ltr'>Laconum</span> <span class='ocrx_word' id='word_1_135' title='bbox 824 1768 1018 1852; x_wconf 87' lang='lat' dir='ltr'>obtinuerat,</span> <span class='ocrx_word' id='word_1_136' title='bbox 1035 1769 1149 1854; x_wconf 90' lang='lat' dir='ltr'>ipsum</span> 
     </span>
     <span class='ocr_line' id='line_1_20' title="bbox 84 1855 1149 1942; baseline 0.005 -23"><span class='ocrx_word' id='word_1_137' title='bbox 84 1872 117 1919; x_wconf 83' lang='lat'>13</span> <span class='ocrx_word' id='word_1_138' title='bbox 135 1857 226 1942; x_wconf 83' lang='lat' dir='ltr'>Agin</span> <span class='ocrx_word' id='word_1_139' title='bbox 242 1856 502 1940; x_wconf 87' lang='lat' dir='ltr'>persequebatur.</span> <span class='ocrx_word' id='word_1_140' title='bbox 534 1855 594 1920; x_wconf 92' lang='lat' dir='ltr'>Ille</span> <span class='ocrx_word' id='word_1_141' title='bbox 612 1858 649 1919; x_wconf 91' lang='lat' dir='ltr'>nt</span> <span class='ocrx_word' id='word_1_142' title='bbox 662 1855 774 1938; x_wconf 88' lang='lat' dir='ltr'>fugam</span> <span class='ocrx_word' id='word_1_143' title='bbox 788 1877 919 1920; x_wconf 89' lang='lat' dir='ltr'>suorum</span> <span class='ocrx_word' id='word_1_144' title='bbox 933 1861 966 1921; x_wconf 93' lang='lat' dir='ltr'>et</span> <span class='ocrx_word' id='word_1_145' title='bbox 978 1857 1149 1941; x_wconf 83' lang='lat' dir='ltr'>proximos</span> 
     </span>
     <span class='ocr_line' id='line_1_21' title="bbox 85 1943 1150 2029; baseline 0.004 -23"><span class='ocrx_word' id='word_1_146' title='bbox 85 1960 118 2008; x_wconf 83' lang='lat'>14</span> <span class='ocrx_word' id='word_1_147' title='bbox 136 1946 278 2010; x_wconf 90' lang='lat' dir='ltr'>hostium</span> <span class='ocrx_word' id='word_1_148' title='bbox 297 1944 473 2029; x_wconf 84' lang='lat' dir='ltr'>conspexit,</span> <span class='ocrx_word' id='word_1_149' title='bbox 495 1943 613 2028; x_wconf 86' lang='lat' dir='ltr'>deponi</span> <span class='ocrx_word' id='word_1_150' title='bbox 632 1943 794 2028; x_wconf 84' lang='lat' dir='ltr'>seiussit:</span> <span class='ocrx_word' id='word_1_151' title='bbox 813 1948 1027 2028; x_wconf 86' lang='lat' dir='ltr'>expertusque</span> <span class='ocrx_word' id='word_1_152' title='bbox 1045 1967 1150 2010; x_wconf 90' lang='lat' dir='ltr'>mem-</span> 
     </span>
     <span class='ocr_line' id='line_1_22' title="bbox 136 2030 1150 2116; baseline 0 -18"><span class='ocrx_word' id='word_1_153' title='bbox 136 2035 204 2116; x_wconf 88' lang='lat' dir='ltr'>bra,</span> <span class='ocrx_word' id='word_1_154' title='bbox 228 2055 271 2097; x_wconf 92' lang='lat' dir='ltr'>an</span> <span class='ocrx_word' id='word_1_155' title='bbox 292 2033 448 2115; x_wconf 91' lang='lat' dir='ltr'>impetum</span> <span class='ocrx_word' id='word_1_156' title='bbox 472 2031 573 2095; x_wconf 90' lang='lat' dir='ltr'>animi</span> <span class='ocrx_word' id='word_1_157' title='bbox 596 2030 687 2113; x_wconf 90' lang='lat' dir='ltr'>sequi</span> <span class='ocrx_word' id='word_1_158' title='bbox 708 2034 849 2113; x_wconf 83' lang='lat' dir='ltr'>possent,</span> <span class='ocrx_word' id='word_1_159' title='bbox 870 2035 1044 2115; x_wconf 89' lang='lat' dir='ltr'>postquam</span> <span class='ocrx_word' id='word_1_160' title='bbox 1068 2034 1150 2099; x_wconf 90' lang='lat' dir='ltr'>defi-</span> 
     </span>
     <span class='ocr_line' id='line_1_23' title="bbox 137 2117 1150 2201; baseline 0.003 -16"><span class='ocrx_word' id='word_1_161' title='bbox 137 2142 208 2185; x_wconf 86' lang='lat' dir='ltr'>cere</span> <span class='ocrx_word' id='word_1_162' title='bbox 231 2120 342 2201; x_wconf 88' lang='lat' dir='ltr'>sensit,</span> <span class='ocrx_word' id='word_1_163' title='bbox 363 2118 543 2201; x_wconf 88' lang='lat' dir='ltr'>poplitibus</span> <span class='ocrx_word' id='word_1_164' title='bbox 566 2120 669 2181; x_wconf 85' lang='lat' dir='ltr'>semet</span> <span class='ocrx_word' id='word_1_165' title='bbox 692 2117 816 2199; x_wconf 87' lang='lat' dir='ltr'>excepit</span> <span class='ocrx_word' id='word_1_166' title='bbox 838 2119 995 2200; x_wconf 89' lang='lat' dir='ltr'>galeaque</span> <span class='ocrx_word' id='word_1_167' title='bbox 1013 2123 1150 2188; x_wconf 90' lang='lat' dir='ltr'>strenue</span> 
     </span>
     <span class='ocr_line' id='line_1_24' title="bbox 137 2201 1151 2290; baseline 0.002 -19"><span class='ocrx_word' id='word_1_168' title='bbox 137 2210 267 2290; x_wconf 90' lang='lat' dir='ltr'>sumpta</span> <span class='ocrx_word' id='word_1_169' title='bbox 289 2206 393 2287; x_wconf 90' lang='lat' dir='ltr'>clipeo</span> <span class='ocrx_word' id='word_1_170' title='bbox 416 2208 588 2288; x_wconf 90' lang='lat' dir='ltr'>protegens</span> <span class='ocrx_word' id='word_1_171' title='bbox 607 2225 722 2286; x_wconf 86' lang='lat' dir='ltr'>corpus</span> <span class='ocrx_word' id='word_1_172' title='bbox 740 2201 870 2268; x_wconf 85' lang='lat' dir='ltr'>hastam</span> <span class='ocrx_word' id='word_1_173' title='bbox 889 2206 1019 2268; x_wconf 87' lang='lat' dir='ltr'>dextera</span> <span class='ocrx_word' id='word_1_174' title='bbox 1038 2206 1151 2274; x_wconf 86' lang='lat' dir='ltr'>vibra-</span> 
     </span>
     <span class='ocr_line' id='line_1_25' title="bbox 137 2290 1150 2376; baseline 0.004 -18"><span class='ocrx_word' id='word_1_175' title='bbox 137 2296 203 2376; x_wconf 88' lang='lat' dir='ltr'>bat,</span> <span class='ocrx_word' id='word_1_176' title='bbox 221 2294 306 2358; x_wconf 88' lang='lat' dir='ltr'>ultro</span> <span class='ocrx_word' id='word_1_177' title='bbox 326 2313 444 2356; x_wconf 86' lang='lat' dir='ltr'>vocans</span> <span class='ocrx_word' id='word_1_178' title='bbox 462 2292 600 2374; x_wconf 88' lang='lat' dir='ltr'>hostem,</span> <span class='ocrx_word' id='word_1_179' title='bbox 618 2291 647 2354; x_wconf 92' lang='lat' dir='ltr'>si</span> <span class='ocrx_word' id='word_1_180' title='bbox 666 2290 738 2374; x_wconf 87' lang='lat' dir='ltr'>quis</span> <span class='ocrx_word' id='word_1_181' title='bbox 755 2290 875 2356; x_wconf 91' lang='lat' dir='ltr'>iacenti</span> <span class='ocrx_word' id='word_1_182' title='bbox 894 2292 998 2376; x_wconf 91' lang='lat' dir='ltr'>spolia</span> <span class='ocrx_word' id='word_1_183' title='bbox 1015 2293 1150 2363; x_wconf 89' lang='lat' dir='ltr'>demere</span> 
     </span>
     <span class='ocr_line' id='line_1_26' title="bbox 86 2378 1149 2463; baseline 0.005 -16"><span class='ocrx_word' id='word_1_184' title='bbox 86 2396 117 2447; x_wconf 80' lang='lat'>15</span> <span class='ocrx_word' id='word_1_185' title='bbox 137 2381 279 2447; x_wconf 85' lang='lat' dir='ltr'>auderet.</span> <span class='ocrx_word' id='word_1_186' title='bbox 322 2379 391 2446; x_wconf 89' lang='lat' dir='ltr'>Nec</span> <span class='ocrx_word' id='word_1_187' title='bbox 410 2380 580 2463; x_wconf 91' lang='lat' dir='ltr'>quisquam</span> <span class='ocrx_word' id='word_1_188' title='bbox 602 2378 674 2462; x_wconf 84' lang='lat' dir='ltr'>fuit,</span> <span class='ocrx_word' id='word_1_189' title='bbox 698 2378 753 2461; x_wconf 91' lang='lat' dir='ltr'>qui</span> <span class='ocrx_word' id='word_1_190' title='bbox 771 2381 948 2445; x_wconf 87' lang='lat' dir='ltr'>sustineret</span> <span class='ocrx_word' id='word_1_191' title='bbox 965 2382 1149 2452; x_wconf 91' lang='lat' dir='ltr'>comminus</span> 
     </span>
     <span class='ocr_line' id='line_1_27' title="bbox 137 2467 1149 2556; baseline 0.002 -20"><span class='ocrx_word' id='word_1_192' title='bbox 137 2470 301 2556; x_wconf 86' lang='lat' dir='ltr'>congredi:</span> <span class='ocrx_word' id='word_1_193' title='bbox 333 2469 445 2553; x_wconf 90' lang='lat' dir='ltr'>procul</span> <span class='ocrx_word' id='word_1_194' title='bbox 477 2467 653 2532; x_wconf 90' lang='lat' dir='ltr'>missilibus</span> <span class='ocrx_word' id='word_1_195' title='bbox 686 2467 911 2551; x_wconf 86' lang='lat' dir='ltr'>adpetebatur,</span> <span class='ocrx_word' id='word_1_196' title='bbox 938 2490 975 2533; x_wconf 91' lang='lat' dir='ltr'>ea</span> <span class='ocrx_word' id='word_1_197' title='bbox 1006 2469 1079 2553; x_wconf 89' lang='lat' dir='ltr'>ipsa</span> <span class='ocrx_word' id='word_1_198' title='bbox 1111 2474 1149 2539; x_wconf 90' lang='lat' dir='ltr'>in</span> 
     </span>
     <span class='ocr_line' id='line_1_28' title="bbox 136 2555 1149 2641; baseline 0.004 -19"><span class='ocrx_word' id='word_1_199' title='bbox 136 2560 263 2624; x_wconf 90' lang='lat' dir='ltr'>hostem</span> <span class='ocrx_word' id='word_1_200' title='bbox 292 2563 493 2641; x_wconf 90' lang='lat' dir='ltr'>retorquens,</span> <span class='ocrx_word' id='word_1_201' title='bbox 522 2556 623 2620; x_wconf 92' lang='lat' dir='ltr'>donec</span> <span class='ocrx_word' id='word_1_202' title='bbox 649 2555 762 2620; x_wconf 89' lang='lat' dir='ltr'>lancea</span> <span class='ocrx_word' id='word_1_203' title='bbox 788 2557 872 2621; x_wconf 90' lang='lat' dir='ltr'>nudo</span> <span class='ocrx_word' id='word_1_204' title='bbox 899 2558 1023 2639; x_wconf 87' lang='lat' dir='ltr'>pectori</span> <span class='ocrx_word' id='word_1_205' title='bbox 1045 2559 1149 2626; x_wconf 85' lang='lat' dir='ltr'>infixa</span> 
     </span>
     <span class='ocr_line' id='line_1_29' title="bbox 138 2644 1148 2730; baseline 0.003 -20"><span class='ocrx_word' id='word_1_206' title='bbox 138 2651 201 2712; x_wconf 83' lang='lat' dir='ltr'>est:</span> <span class='ocrx_word' id='word_1_207' title='bbox 236 2668 298 2730; x_wconf 93' lang='lat' dir='ltr'>qua</span> <span class='ocrx_word' id='word_1_208' title='bbox 330 2668 369 2709; x_wconf 94' lang='lat' dir='ltr'>ex</span> <span class='ocrx_word' id='word_1_209' title='bbox 401 2646 531 2709; x_wconf 86' lang='lat' dir='ltr'>vulnere</span> <span class='ocrx_word' id='word_1_210' title='bbox 562 2644 671 2709; x_wconf 89' lang='lat' dir='ltr'>evolsa</span> <span class='ocrx_word' id='word_1_211' title='bbox 701 2644 892 2709; x_wconf 87' lang='lat' dir='ltr'>inclinatum</span> <span class='ocrx_word' id='word_1_212' title='bbox 925 2666 962 2709; x_wconf 90' lang='lat' dir='ltr'>ac</span> <span class='ocrx_word' id='word_1_213' title='bbox 994 2646 1148 2714; x_wconf 91' lang='lat' dir='ltr'>deficiens</span> 
     </span>
     <span class='ocr_line' id='line_1_30' title="bbox 138 2731 1148 2817; baseline 0.003 -19"><span class='ocrx_word' id='word_1_214' title='bbox 138 2737 235 2816; x_wconf 85' lang='lat' dir='ltr'>caput</span> <span class='ocrx_word' id='word_1_215' title='bbox 257 2734 360 2816; x_wconf 89' lang='lat' dir='ltr'>clipeo</span> <span class='ocrx_word' id='word_1_216' title='bbox 382 2733 548 2816; x_wconf 87' lang='lat' dir='ltr'>paulisper</span> <span class='ocrx_word' id='word_1_217' title='bbox 571 2731 707 2815; x_wconf 90' lang='lat' dir='ltr'>excepit,</span> <span class='ocrx_word' id='word_1_218' title='bbox 734 2732 809 2796; x_wconf 92' lang='lat' dir='ltr'>dein</span> <span class='ocrx_word' id='word_1_219' title='bbox 834 2734 999 2817; x_wconf 89' lang='lat' dir='ltr'>linquente</span> <span class='ocrx_word' id='word_1_220' title='bbox 1028 2734 1148 2817; x_wconf 89' lang='lat' dir='ltr'>spiritu</span> 
     </span>
     <span class='ocr_line' id='line_1_31' title="bbox 137 2820 1147 2906; baseline 0.006 -22"><span class='ocrx_word' id='word_1_221' title='bbox 137 2822 258 2904; x_wconf 88' lang='lat' dir='ltr'>pariter</span> <span class='ocrx_word' id='word_1_222' title='bbox 290 2841 327 2884; x_wconf 90' lang='lat' dir='ltr'>ac</span> <span class='ocrx_word' id='word_1_223' title='bbox 359 2821 517 2903; x_wconf 88' lang='lat' dir='ltr'>sanguine</span> <span class='ocrx_word' id='word_1_224' title='bbox 548 2820 758 2883; x_wconf 88' lang='lat' dir='ltr'>moribundus</span> <span class='ocrx_word' id='word_1_225' title='bbox 784 2821 820 2883; x_wconf 92' lang='lat' dir='ltr'>in</span> <span class='ocrx_word' id='word_1_226' title='bbox 847 2843 937 2885; x_wconf 89' lang='lat' dir='ltr'>arma</span> <span class='ocrx_word' id='word_1_227' title='bbox 962 2822 1147 2906; x_wconf 83' lang='lat' dir='ltr'>procubuit</span> 
     </span>
     <span class='ocr_line' id='line_1_32' title="bbox 88 2906 1147 2992; baseline 0.003 -18"><span class='ocrx_word' id='word_1_228' title='bbox 88 2926 119 2974; x_wconf 83' lang='lat'>16</span> <span class='ocrx_word' id='word_1_229' title='bbox 138 2908 289 2973; x_wconf 80' lang='lat' dir='ltr'>Occidere</span> <span class='ocrx_word' id='word_1_230' title='bbox 311 2906 639 2971; x_wconf 89' lang='lat' dir='ltr'>Lacedaemoniorum</span> <span class='ocrx_word' id='word_1_231' title='bbox 658 2929 678 2970; x_wconf 87' lang='lat' dir='ltr'>v</span> <span class='ocrx_word' id='word_1_232' title='bbox 696 2908 786 2971; x_wconf 90' lang='lat' dir='ltr'>milia</span> <span class='ocrx_word' id='word_1_233' title='bbox 804 2912 836 2973; x_wconf 88' lang='lat' dir='ltr'>et</span> <span class='ocrx_word' id='word_1_234' title='bbox 855 2930 917 2992; x_wconf 89' lang='lat' dir='ltr'>ccc,</span> <span class='ocrx_word' id='word_1_235' title='bbox 941 2930 979 2973; x_wconf 90' lang='lat' dir='ltr'>ex</span> <span class='ocrx_word' id='word_1_236' title='bbox 996 2908 1147 2977; x_wconf 89' lang='lat' dir='ltr'>Macedo·</span> 
     </span>
     <span class='ocr_line' id='line_1_33' title="bbox 136 2994 1149 3080; baseline 0.004 -20"><span class='ocrx_word' id='word_1_237' title='bbox 136 2996 231 3060; x_wconf 91' lang='lat' dir='ltr'>nibus</span> <span class='ocrx_word' id='word_1_238' title='bbox 249 2995 337 3060; x_wconf 91' lang='lat' dir='ltr'>haud</span> <span class='ocrx_word' id='word_1_239' title='bbox 361 2994 500 3078; x_wconf 88' lang='lat' dir='ltr'>amplius</span> <span class='ocrx_word' id='word_1_240' title='bbox 523 2995 625 3057; x_wconf 87' lang='lat' dir='ltr'>mille:</span> <span class='ocrx_word' id='word_1_241' title='bbox 648 2997 788 3058; x_wconf 84' lang='lat' dir='ltr'>ceterum</span> <span class='ocrx_word' id='word_1_242' title='bbox 812 2996 865 3060; x_wconf 90' lang='lat' dir='ltr'>vix</span> <span class='ocrx_word' id='word_1_243' title='bbox 888 2998 1058 3080; x_wconf 90' lang='lat' dir='ltr'>quisquam</span> <span class='ocrx_word' id='word_1_244' title='bbox 1080 2999 1149 3065; x_wconf 90' lang='lat' dir='ltr'>nisi</span> 
     </span>
     <span class='ocr_line' id='line_1_34' title="bbox 138 3083 615 3162; baseline -0.006 -15"><span class='ocrx_word' id='word_1_245' title='bbox 138 3084 265 3148; x_wconf 90' lang='lat' dir='ltr'>saucius</span> <span class='ocrx_word' id='word_1_246' title='bbox 288 3083 422 3147; x_wconf 89' lang='lat' dir='ltr'>revertit</span> <span class='ocrx_word' id='word_1_247' title='bbox 444 3083 478 3146; x_wconf 90' lang='lat' dir='ltr'>in</span> <span class='ocrx_word' id='word_1_248' title='bbox 501 3085 615 3162; x_wconf 88' lang='lat' dir='ltr'>castra.</span> 
     </span>
     <span class='ocr_line' id='line_1_35' title="bbox 225 3167 1183 3261; baseline 0.01 -27"><span class='ocrx_word' id='word_1_249' title='bbox 225 3169 313 3235; x_wconf 90' lang='lat' dir='ltr'>Haec</span> <span class='ocrx_word' id='word_1_250' title='bbox 335 3169 471 3234; x_wconf 83' lang='lat' dir='ltr'>victoria</span> <span class='ocrx_word' id='word_1_251' title='bbox 497 3191 562 3234; x_wconf 92' lang='lat' dir='ltr'>non</span> <span class='ocrx_word' id='word_1_252' title='bbox 586 3167 736 3254; x_wconf 85' lang='lat' dir='ltr'>Spartam</span> <span class='ocrx_word' id='word_1_253' title='bbox 760 3171 854 3235; x_wconf 95' lang='lat' dir='ltr'>modo</span> <span class='ocrx_word' id='word_1_254' title='bbox 878 3172 1045 3256; x_wconf 91' lang='lat' dir='ltr'>sociosque</span> <span class='ocrx_word' id='word_1_255' title='bbox 1068 3175 1183 3261; x_wconf 84' lang='lat' dir='ltr'>eius,3</span> 
     </span>
     <span class='ocr_line' id='line_1_36' title="bbox 139 3257 1150 3348; baseline 0.003 -25"><span class='ocrx_word' id='word_1_256' title='bbox 139 3260 194 3323; x_wconf 91' lang='lat' dir='ltr'>sed</span> <span class='ocrx_word' id='word_1_257' title='bbox 208 3258 306 3322; x_wconf 92' lang='lat' dir='ltr'>etiam</span> <span class='ocrx_word' id='word_1_258' title='bbox 321 3258 435 3341; x_wconf 90' lang='lat' dir='ltr'>omnis,</span> <span class='ocrx_word' id='word_1_259' title='bbox 454 3258 509 3341; x_wconf 90' lang='lat' dir='ltr'>qui</span> <span class='ocrx_word' id='word_1_260' title='bbox 522 3257 686 3322; x_wconf 91' lang='lat' dir='ltr'>fortunam</span> <span class='ocrx_word' id='word_1_261' title='bbox 701 3258 778 3322; x_wconf 91' lang='lat' dir='ltr'>belli</span> <span class='ocrx_word' id='word_1_262' title='bbox 792 3263 1025 3345; x_wconf 81' lang='lat' dir='ltr'>spectaverant,</span> <span class='ocrx_word' id='word_1_263' title='bbox 1039 3261 1150 3348; x_wconf 84' lang='lat' dir='ltr'>fregit.</span> 
     </span>
     <span class='ocr_line' id='line_1_37' title="bbox 88 3345 1151 3434; baseline 0.003 -20"><span class='ocrx_word' id='word_1_264' title='bbox 88 3366 119 3415; x_wconf 78' lang='lat'>17</span> <span class='ocrx_word' id='word_1_265' title='bbox 139 3346 207 3413; x_wconf 93' lang='lat' dir='ltr'>Nec</span> <span class='ocrx_word' id='word_1_266' title='bbox 233 3346 368 3412; x_wconf 88' lang='lat' dir='ltr'>fallebat</span> <span class='ocrx_word' id='word_1_267' title='bbox 396 3345 608 3430; x_wconf 86' lang='lat' dir='ltr'>Antipatrum</span> <span class='ocrx_word' id='word_1_268' title='bbox 635 3347 804 3411; x_wconf 88' lang='lat' dir='ltr'>dissentire</span> <span class='ocrx_word' id='word_1_269' title='bbox 833 3347 874 3411; x_wconf 90' lang='lat' dir='ltr'>ab</span> <span class='ocrx_word' id='word_1_270' title='bbox 898 3349 1013 3413; x_wconf 89' lang='lat' dir='ltr'>animis</span> <span class='ocrx_word' id='word_1_271' title='bbox 1036 3355 1151 3434; x_wconf 88' lang='lat' dir='ltr'>gratu·</span> 
     </span>
     <span class='ocr_line' id='line_1_38' title="bbox 139 3434 1152 3521; baseline 0.006 -21"><span class='ocrx_word' id='word_1_272' title='bbox 139 3437 275 3500; x_wconf 90' lang='lat' dir='ltr'>lantium</span> <span class='ocrx_word' id='word_1_273' title='bbox 303 3435 424 3517; x_wconf 84' lang='lat' dir='ltr'>vultus,</span> <span class='ocrx_word' id='word_1_274' title='bbox 452 3434 508 3498; x_wconf 91' lang='lat' dir='ltr'>sed</span> <span class='ocrx_word' id='word_1_275' title='bbox 535 3435 655 3498; x_wconf 91' lang='lat' dir='ltr'>bellum</span> <span class='ocrx_word' id='word_1_276' title='bbox 681 3434 771 3498; x_wconf 89' lang='lat' dir='ltr'>finire</span> <span class='ocrx_word' id='word_1_277' title='bbox 800 3436 942 3518; x_wconf 91' lang='lat' dir='ltr'>cupienti</span> <span class='ocrx_word' id='word_1_278' title='bbox 969 3458 1050 3521; x_wconf 90' lang='lat' dir='ltr'>opus</span> <span class='ocrx_word' id='word_1_279' title='bbox 1078 3444 1152 3507; x_wconf 87' lang='lat' dir='ltr'>erat</span> 
     </span>
     <span class='ocr_line' id='line_1_39' title="bbox 139 3522 1151 3611; baseline 0.008 -24"><span class='ocrx_word' id='word_1_280' title='bbox 139 3524 250 3609; x_wconf 87' lang='lat' dir='ltr'>decipi.</span> <span class='ocrx_word' id='word_1_281' title='bbox 285 3523 330 3589; x_wconf 82' lang='lat' dir='ltr'>Et</span> <span class='ocrx_word' id='word_1_282' title='bbox 343 3544 539 3609; x_wconf 90' lang='lat' dir='ltr'>quamquam</span> <span class='ocrx_word' id='word_1_283' title='bbox 552 3522 681 3587; x_wconf 85' lang='lat' dir='ltr'>fortuna</span> <span class='ocrx_word' id='word_1_284' title='bbox 699 3544 806 3586; x_wconf 90' lang='lat' dir='ltr'>rerum</span> <span class='ocrx_word' id='word_1_285' title='bbox 819 3523 978 3611; x_wconf 89' lang='lat' dir='ltr'>placebat,</span> <span class='ocrx_word' id='word_1_286' title='bbox 992 3525 1151 3595; x_wconf 80' lang='lat' dir='ltr'>invidiam</span> 
     </span>
    </p>
   </div>
   <div class='ocr_carea' id='block_1_3' title="bbox 0 0 1229 3908">
    <p class='ocr_par' dir='ltr' id='par_1_3' title="bbox 0 0 1229 3908">
     <span class='ocr_line' id='line_1_40' title="bbox 0 0 1229 3908; baseline 0 0"><span class='ocrx_word' id='word_1_287' title='bbox 0 0 1229 3908; x_wconf 95' lang='lat' dir='ltr'> </span> 
     </span>
    </p>
   </div>
  </div>
 </body>
</html>
