2444 3908
263 123 517 179 HISTORIARUM
535 124 750 179 ALEXANDRI
767 125 818 193 IV,
838 132 863 181 8.
882 131 906 181 9.
1047 127 1091 190 55

82 271 225 334 rotarum
252 265 346 351 plura
373 269 494 351 spicula
520 269 706 332 eminebant
735 270 770 333 in
798 269 978 352 adversum,
1008 270 1090 334 aliae

83 356 196 420 deinde
218 355 316 420 falces
340 357 529 421 summissae
551 360 694 420 rotarum
713 357 844 421 orbibus
864 357 1041 421 haerebant
1058 362 1091 422 et

84 445 165 508 aliae
187 444 223 507 in
245 447 364 507 terram
386 444 556 527 demissae,
588 445 741 528 quidquid
767 444 896 509 obvium
919 447 1088 510 concitatis

37 533 72 599 36
83 532 173 616 equis
196 532 318 616 fuisset,
341 535 571 615 amputaturae.
611 530 682 597 Hoc
704 533 800 597 modo
822 534 980 598 instructo
1003 555 1090 598 exer·
1109 554 1125 602 6

83 621 149 684 citu
177 641 214 683 ac
240 624 422 702 perarmato
449 619 615 703 Babylone
647 621 755 704 copias
782 621 893 685 movit.
942 621 973 684 Α
999 626 1090 704 parte

83 707 195 771 dextra
217 711 286 770 erat
303 707 419 792 Tigris,
440 709 559 772 nobilis
581 708 707 792 fluvius,
728 709 854 772 laevam
875 709 1006 792 tegebat
1024 708 1089 772 Eu·

82 795 224 878 phrates,
241 815 357 880 agmen
371 795 621 879 Mesopotamiae
640 817 769 879 campos
785 796 972 879 inpleverat.
1000 797 1090 881 Tigri
1110 816 1124 864 7

84 882 196 946 deinde
233 887 396 968 superato,
437 906 509 949 cum
546 884 687 947 audisset
719 884 806 947 haud
836 885 948 967 procul
980 885 1090 948 abesse

86 971 226 1055 hostem,
258 969 465 1055 Satropaten,
497 973 640 1056 equitum
669 973 878 1056 praefectum,
908 993 980 1036 cum
1002 973 1090 1036 mille

84 1058 213 1124 delectis
249 1061 424 1143 praemisit.
467 1059 597 1124 Mazaeo
629 1060 767 1142 praetori
804 1081 859 1124 sex
889 1060 980 1123 milia
1007 1060 1090 1143 data,

85 1147 199 1229 quibus
226 1147 354 1211 hostem
380 1149 519 1217 transitu
542 1149 645 1212 amnis
669 1150 804 1212 arceret:
836 1147 937 1211 eidem
959 1147 1125 1215 manda-a

84 1237 167 1316 tum,
189 1238 226 1299 ut
247 1236 419 1320 regionem,
443 1258 540 1318 quam
558 1235 739 1299 Alexander
757 1239 840 1299 esset
859 1236 1011 1318 aditurus,
1034 1258 1090 1317 po-

83 1322 248 1404 pularetur
270 1326 365 1407 atque
388 1327 507 1387 ureret:
535 1323 652 1408 quippe
676 1324 825 1388 credebat
849 1324 960 1406 inopia
986 1324 1091 1388 dehel-

83 1411 144 1473 lari
170 1432 266 1495 posse
292 1412 374 1475 nihil
399 1412 584 1496 habentem,
615 1411 687 1475 nisi·
706 1412 791 1496 quod
817 1411 971 1494 rapiendo
999 1433 1090 1476 oocu-

82 1502 203 1580 passet:
239 1499 302 1582 ipsi
334 1503 440 1564 autem
472 1503 668 1564 commeatus
701 1500 756 1563 alii
787 1502 885 1581 terra,
918 1499 973 1563 alii
999 1499 1090 1584 Tigri

83 1607 176 1651 amne
203 1587 470 1652 subvehebantur.
519 1586 588 1651 Iam
614 1590 803 1670 pervenerat
829 1584 949 1650 Arbela
975 1588 1124 1670 vicum,a

82 1674 225 1738 nobilem
250 1696 309 1738 sua
340 1675 429 1739 clade
455 1676 605 1740 facturus.
650 1673 713 1738 Hie
740 1678 973 1738 commeatuum
997 1675 1090 1738 sarci-

82 1781 261 1844 narumque
284 1763 405 1826 maiore
427 1766 518 1846 parte
541 1763 687 1845 deposita
700 1761 823 1844 Lycum
846 1783 973 1824 amnem
993 1766 1091 1843 ponte

83 1847 189 1910 iunxit
215 1850 248 1911 et
273 1869 331 1931 per
358 1848 424 1913 dies
453 1850 592 1933 quinque
616 1850 698 1912 sicut
721 1852 794 1912 ante
816 1847 1006 1931 Euphraten
1027 1853 1091 1912 tra·

83 1935 159 1998 iecit
181 1936 362 1999 exercitum.
397 1935 476 2000 Inde
500 1937 666 2019 octoginta
687 1937 752 1999 fere
776 1935 880 1999 stadia
901 1957 1091 2019 progressus
1112 1954 1144 2004 10

84 2021 124 2085 ad
154 2023 290 2088 alterum
321 2045 448 2087 amnem
475 2061 517 2070 —
540 2022 673 2087 Bumelo
703 2044 822 2087 nomen
848 2027 963 2086 est-
987 2027 1092 2087 castra

81 2112 199 2193 posuit.
240 2111 430 2194 Opportuna
452 2112 647 2194 explicandis
671 2111 770 2194 copiis
792 2111 882 2195 regio
906 2114 983 2194 erat,
1006 2112 1091 2194 equi-

81 2199 190 2263 tabilis
218 2202 250 2263 et
272 2202 363 2264 vasta
384 2200 549 2282 planities:
576 2221 616 2262 ne
640 2199 755 2283 stirpes
779 2200 905 2282 quidem
929 2203 961 2263 et
983 2199 1092 2263 brevia

82 2286 224 2371 virgulta
251 2289 400 2371 operiunt
424 2289 528 2352 solum
550 2287 694 2371 liberque
716 2291 904 2370 prospectus
928 2288 1092 2352 oculorum

83 2375 181 2438 etiam
205 2374 245 2438 ad
268 2397 315 2459 ea,
337 2397 417 2460 quae
435 2377 546 2458 procul
564 2397 730 2458 recessere,
752 2376 964 2458 permittitur:
988 2379 1091 2458 atque,

84 2462 111 2524 si
134 2484 197 2545 qua
219 2465 324 2546 campi
341 2464 535 2547 eminebant,
557 2463 651 2527 iussit
669 2463 798 2545 aequari
815 2466 983 2544 totumque
1002 2462 1091 2525 fasti·

84 2549 171 2633 gium
195 2551 329 2615 extendi.

37 2639 71 2703 37
172 2637 354 2702 Alexandro
378 2638 433 2721 qui
454 2658 622 2700 numerum
645 2637 808 2719 copiarum
830 2636 912 2719 eius,
936 2639 1091 2719 quantum
1112 2656 1143 2703 11

82 2727 194 2808 procul
230 2727 402 2790 coniectari
437 2728 576 2808 poterat,
613 2724 826 2788 aestimabant
861 2724 914 2788 vix
947 2723 1092 2788 fecerunt

82 2813 178 2877 fidem
199 2817 250 2892 tot
272 2814 402 2877 milibus
425 2812 526 2876 caesis
549 2813 685 2877 maiores
703 2813 811 2895 copias
831 2833 900 2876 esse
917 2816 1091 2894 reparatas.

83 2898 233 2964 Ceterum
262 2902 366 2965 omnis
392 2901 524 2985 periculi
552 2905 585 2964 et
611 2901 748 2964 maxime
775 2899 988 2964 multitudinis
1016 2914 1143 2973 con-11

81 2991 224 3071 temptor
245 2986 420 3053 undecimis
443 2989 554 3053 castris
578 2988 618 3052 ad
635 2989 824 3071 Euphraten
845 2989 1002 3070 pervenit:
1026 3009 1091 3072 quo
1118 3036 1122 3041 -

80 3077 235 3161 pontibus
262 3077 372 3142 iuncto
400 3077 522 3161 equites
550 3078 670 3159 primos
693 3078 753 3161 ire,
784 3075 978 3161 phalangem
1001 3076 1114 3161 sequia-

80 3167 180 3249 iubet,
202 3163 340 3249 Mazaeo,
364 3167 418 3249 qui
441 3165 481 3229 ad
504 3164 713 3228 inhibendum
736 3165 907 3228 transitum
926 3165 994 3228 eius
1017 3184 1118 3230 curn-5¹

82 3255 294 3324 sexmilibus
323 3255 467 3337 equitum
494 3257 686 3336 occurrerat,
717 3275 782 3316 non
811 3274 888 3316 auso
915 3253 1116 3335 periculumc'

82 3341 131 3404 sui
163 3341 275 3406 facere.
328 3341 442 3406 Paucis
474 3340 587 3404 deinde
616 3363 683 3404 non
710 3340 749 3403 ad
778 3341 930 3423 quietem,
965 3341 1020 3404 sed
1055 3421 1073 3427 η

80 3430 319 3511 praeparandos
338 3431 463 3493 animos
483 3428 594 3492 diebus
613 3428 695 3491 datis
714 3428 809 3491 militi
824 3431 951 3491 strenue
963 3428 1075 3495 hoste

80 3517 207 3599 insequi
229 3517 342 3600 coepit,
364 3521 521 3599 metuens,
543 3537 584 3579 ne
607 3515 760 3579 interiora
781 3516 873 3598 regni
897 3515 946 3578 sui
968 3517 1064 3598 perer·
