2444 3908
267 111 520 168 HISTORIARUM
537 111 751 167 ALEXANDRI
768 112 833 180 VII,
853 118 895 166 11.
1023 111 1085 176 183

80 255 122 320 ad
154 255 327 319 curandum
359 276 474 340 corpus
503 255 645 320 recessit.
692 256 829 321 Postero
862 257 913 320 die
944 256 1085 320 nondum
1105 264 1139 313 11

81 343 161 407 satis
194 343 280 406 clara
311 344 381 407 luce
412 343 535 426 primus
562 343 647 428 vela,
679 344 809 428 signum
836 344 922 429 capti
950 344 1087 426 verticis

80 431 256 512 conspexit.
306 429 367 495 Sed
395 431 626 495 refelleretur
652 432 750 514 acies,
777 432 924 496 dubitare
950 431 1088 517 cogebat

82 519 223 583 varietas
243 519 322 583 caeli
339 539 424 583 nunc
442 519 652 584 internitente
666 520 747 584 lueis
764 519 899 603 fulgore,
916 540 998 585 1111
1016 541 1088 584 con·

82 607 159 672 dito.
194 605 322 679 Verum
335 610 373 671 11
388 607 540 690 liquidior
559 607 614 671 lux
634 607 785 690 adparuit
802 607 905 690 caelo,
927 607 1086 672 dubitatio
1106 615 1140 666 11

80 698 230 778 exempta
253 697 317 759 est:
339 697 550 778 vocatumque
574 692 715 780 Cophen,
737 716 795 780 per
818 716 913 778 quem
935 695 1087 759 barbaro·

81 803 154 846 rum
177 782 302 847 animos
324 785 554 867 temptaverat,
576 782 679 847 mittit
701 783 742 847 ad
765 805 834 868 eos,
857 782 913 866 qui
933 787 1087 866 moneret,

80 891 167 935 nunc
193 871 310 935 saltem
342 869 502 935 salubrius
534 870 704 935 consilium
735 871 867 935 inirent:
900 871 951 935 sin
981 873 1087 935 autem

81 957 199 1023 fiducia
221 958 286 1023 loci
307 962 565 1042 perseverarent,
588 958 714 1022 ostendi
737 981 757 1023 a
778 962 872 1042 tergo
895 958 1005 1042 iussit,
1034 959 1088 1041 qui

80 1050 233 1130 ceperant
259 1047 422 1112 verticem.
472 1043 599 1129 Cophes
612 1120 613 1124 Ἰ
627 1046 785 1111 admissus
818 1047 951 1111 suadere
984 1046 1088 1129 coepit
1107 1056 1141 1105 11

81 1134 226 1215 Arimazi
246 1137 372 1218 petram
393 1133 520 1198 tradere
542 1133 682 1218 gratiam
704 1135 791 1220 regis
813 1134 943 1219 inituro,
966 1134 995 1199 si
1017 1138 1089 1198 tan·

81 1225 134 1285 111
160 1243 213 1286 res
240 1221 428 1288 molientem
459 1222 493 1286 in
516 1222 616 1287 unius
643 1223 734 1305 rupis
762 1222 928 1287 obsidione
954 1223 1087 1287 haerere

81 1331 149 1374 non
171 1310 339 1394 coegisset
382 1309 443 1374 Ille
465 1309 603 1375 ferocius
623 1311 853 1394 superbiusque
877 1332 974 1394 quam
993 1313 1088 1374 antea

82 1397 210 1463 locutus
229 1398 318 1463 abire
337 1394 470 1482 Cophen
488 1398 587 1463 iubet.
617 1397 664 1462 At
683 1399 711 1463 is
729 1421 881 1481 prensum
900 1420 997 1463 manu
1015 1398 1087 1462 bar·
1107 1409 1142 1458 14

80 1485 196 1551 barum
222 1490 331 1571 rogat,
357 1490 395 1551 ut
424 1508 531 1551 seeum
559 1490 649 1550 extra
676 1508 805 1569 specum
828 1487 972 1570 prodeat.
1018 1485 1087 1562 Quo

81 1574 244 1658 inpetrato
270 1575 402 1638 iuvenes
430 1573 464 1638 in
487 1575 650 1639 cacumine
673 1574 817 1639 ostendit
838 1576 957 1640 eteius
981 1596 1087 1657 super-

82 1662 156 1726 biae
174 1662 260 1726 haud
282 1661 445 1726 immerito
464 1661 611 1726 inludens
629 1661 744 1744 pinnas
763 1662 881 1726 habere
901 1664 947 1727 ait
965 1663 1087 1727 milites

82 1749 267 1813 Alexandri.
299 1748 431 1832 Iamque
449 1747 691 1813 eMacedonum
709 1751 823 1813 castris
838 1750 1003 1832 signorum
1018 1772 1088 1814 con-
1108 1760 1142 1810 25

83 1840 196 1901 centus
216 1840 248 1900 et
263 1837 364 1900 totius
387 1836 545 1899 exercitus
568 1837 690 1900 clamor
714 1836 912 1901 audiebatur.
957 1837 1007 1902 Ea
1028 1858 1089 1919 res,

83 1924 167 1988 sicut
184 1925 337 2007 pleraque
360 1923 437 1987 belli
458 1944 545 1988 vena
567 1928 600 1987 et
621 1922 745 2007 inania,
767 1923 924 1989 barbaros
944 1924 984 1988 ad
1003 1923 1089 1988 dedi-

83 2012 206 2076 tionem
219 2012 333 2077 traxit:
353 2012 470 2095 quippe
489 2010 637 2093 occupati
652 2014 742 2076 metu
759 2012 955 2094 paucitatem
970 2033 1090 2096 eorum,

83 2100 139 2183 qui
167 2123 186 2164 a
211 2103 305 2185 tergo
333 2103 437 2182 erant,
470 2099 642 2163 aestimare
668 2119 734 2163 non
765 2103 925 2183 poterant.
974 2100 1089 2184 ltaque
1108 2111 1142 2160 11

82 2185 218 2271 Oophen
241 2224 282 2234 -
304 2209 382 2253 nam
404 2187 603 2271 trepidantes
624 2187 801 2271 reliquerat
823 2224 864 2234 -
889 2192 1019 2253 strenue
1041 2209 1089 2252 re-

82 2280 201 2341 vocant
223 2279 351 2341 etcum
374 2297 411 2340 eo
433 2293 506 2340 xxx
527 2276 688 2359 principes
711 2277 858 2354 mittunt,
886 2277 940 2360 qui
962 2280 1089 2360 petram

82 2365 213 2428 tradant
240 2367 286 2448 et,
314 2368 352 2428 ut
379 2364 594 2429 incolumibus
622 2363 711 2429 abire
738 2363 847 2447 liceat,
877 2365 1089 2445 paciscantur.

82 2449 143 2515 Ille
166 2473 362 2535 quamquam
383 2452 568 2531 verebatur,
590 2472 631 2514 ne
649 2453 822 2532 conspecta
843 2451 995 2514 iuvenum
1013 2473 1090 2533 pau·
1108 2461 1142 2510 11

81 2539 181 2603 citate
205 2539 414 2604 deturbarent
431 2559 485 2602 eos
503 2537 646 2619 barbari,
668 2540 779 2600 tamen
796 2540 829 2600 et
846 2536 995 2601 fortunae
1013 2560 1089 2602 1111

81 2628 223 2691 confisus
247 2631 280 2690 et
297 2625 439 2690 Arimazi
458 2623 627 2707 superbiae
645 2623 796 2707 infensas,
818 2624 943 2688 nullam
963 2647 996 2689 se
1016 2646 1090 2690 con-

80 2715 242 2778 dicionem
270 2712 441 2777 deditionis
465 2711 607 2793 accipere
629 2711 803 2793 respondit.
847 2710 1014 2777 Arimazes
1037 2712 1142 2778 (11-18

83 2802 221 2886 speratis
249 2800 355 2883 magis
387 2820 483 2883 quam
514 2798 648 2882 perditis
675 2798 770 2862 rebus
803 2821 875 2864 cum
901 2802 1089 2886 propinquis

83 2888 358 2972 nobilissimisque
386 2887 491 2971 gentis
520 2908 595 2950 1111
622 2886 784 2951 descendit
806 2889 840 2952 in
864 2892 982 2954 castra:
1010 2911 1089 2973 quos

82 2977 189 3040 omnis
216 2975 402 3040 verberibus
431 2975 572 3039 adfectos
600 2975 659 3039 sub
687 2975 767 3057 ipsis
790 2976 950 3041 radicibus
978 2983 1089 3060 petrae

82 3063 232 3128 crucibus
255 3064 350 3127 iussit
372 3063 477 3148 adfigi.
521 3061 695 3128 Multitudo
724 3063 945 3129 dediticiorum
973 3066 1141 3130 incohare
1168 3096 1182 3127 a

80 3173 239 3216 novarum
270 3153 398 3216 urbium
423 3174 495 3216 cum
522 3151 657 3234 pecunia
685 3154 779 3234 capta
806 3151 890 3215 dono
923 3152 998 3218 data
1026 3157 1089 3218 est:

80 3242 266 3306 Artabazus
289 3241 323 3305 in
349 3246 461 3324 petrae
488 3239 707 3322 regionisque,
730 3261 811 3322 quae
836 3239 983 3323 adposita
1007 3245 1090 3306 11111

82 3330 128 3412 11,
149 3330 285 3394 tutelam
307 3330 447 3396 relictus.

479 3505 690 3515 ———----
