2444 3908
150 94 215 161 250
526 94 557 160 Q.
578 93 686 148 CURTI
705 93 791 148 RUFI
851 34 853 36 '

149 238 277 323 quidem
308 237 448 316 saucius,
483 237 538 302 sed
570 237 691 302 maiore
722 236 866 321 periculo
898 258 994 320 quam
1026 235 1164 302 vulnere

149 326 307 409 adfectus,
332 325 419 409 regis
447 325 697 391 sollicitudinem
720 326 754 388 in
778 346 812 389 se
835 327 1047 388 converterat.
1080 323 1164 390 San·

150 415 248 497 guina
264 413 453 477 coniunctus
473 416 542 479 erat
559 418 592 478 et
612 414 742 498 quidam
755 411 907 495 Philippo
921 414 1068 493 genitum
1088 435 1163 478 esse

97 513 130 562 23
150 502 334 586 credebant,
365 505 450 566 certe
481 502 583 585 pelice
611 502 679 566 eius
707 504 813 566 ortum
843 502 1022 566 constabat.
1067 500 1164 566 Idem

150 590 293 672 corporis
330 594 439 655 custos
475 590 798 674 promptissimusque
834 589 971 652 bellator
1003 592 1036 654 et
1067 590 1163 672 pacis

151 680 274 742 artibus
297 700 394 762 quam
415 678 550 742 militiae
572 678 676 742 maior
699 680 732 741 et
754 676 885 741 clarior:
908 677 1034 742 modico
1058 677 1164 743 civili·

149 788 211 850 que
234 767 331 849 cultu,
353 767 498 830 liberalis
521 767 556 830 in
578 766 691 849 primis
715 765 868 849 adituque
891 764 990 849 facili,
1011 764 1098 829 nihil
1121 787 1162 830 ex

97 863 132 912 24
149 854 238 919 fastu
259 855 369 937 regiae
387 855 618 937 adsumpserat.
663 853 712 918 Ob
735 853 815 917 haec
837 853 908 936 regi
932 875 974 917 an
995 853 1162 937 populari·

150 943 211 1007 bus
235 943 339 1007 carior
363 945 460 1024 esset,
483 942 626 1006 dubitari
647 945 788 1025 poterat:
815 944 885 1005 tum
909 944 994 1005 certe
1017 943 1161 1024 primum

151 1034 299 1114 expertus
323 1051 454 1095 suorum
477 1030 615 1109 animos,
642 1030 721 1094 adeo
744 1033 782 1093 ut
803 1028 981 1112 fortunam,
1003 1030 1037 1093 in
1061 1052 1161 1114 quam

150 1122 264 1202 postea
295 1118 452 1202 ascendit,
484 1118 517 1182 in
545 1118 603 1181 illo
635 1118 776 1200 periculo
803 1116 995 1182 Macedones
1023 1118 1162 1183 ominati

97 1216 132 1263 25
152 1228 221 1270 esse
252 1206 430 1275 rideantur.¹
485 1205 609 1289 Quippe
645 1227 712 1270 non
747 1205 849 1269 levior
880 1205 947 1270 illis
978 1204 1162 1271 Ptolemaei

150 1293 213 1357 fuit
235 1314 320 1376 cura,
343 1314 441 1377 quam
463 1293 560 1378 regis.
602 1292 664 1370 Qui
686 1297 719 1357 et
741 1293 865 1376 proelio
889 1295 922 1356 et
943 1292 1160 1360 sollicitudine

150 1381 308 1465 fatigatus
341 1402 413 1445 cum
443 1380 630 1446 Ptolemaeo
664 1381 836 1464 adsideret,
867 1381 1000 1465 lectum,
1029 1382 1063 1445 in
1096 1403 1159 1466 quo

96 1479 131 1528 26
151 1469 221 1552 ipse
244 1469 476 1553 adquiesceret,
497 1469 596 1533 iussit
618 1468 736 1534 inferri.
780 1468 819 1533 In
843 1490 937 1552 quem
959 1474 997 1534 ut
1019 1491 1053 1533 se
1076 1491 1161 1535 rece·

150 1556 212 1640 pit,
244 1557 391 1639 protinus
424 1557 520 1623 altior
552 1557 714 1622 insecutus
746 1561 795 1622 est
827 1579 967 1622 somnus.
1011 1556 1063 1622 Ex
1095 1580 1161 1642 quo

151 1645 309 1709 excitatus
332 1667 390 1728 per
413 1647 552 1730 quietem
574 1645 694 1710 vidisse
718 1666 752 1710 se
775 1645 907 1728 exponit
930 1645 1068 1729 speciem
1089 1646 1160 1711 dra-

151 1734 239 1797 conis
268 1733 411 1798 oblatam
438 1733 572 1798 herbam
598 1733 733 1799 ferentis
760 1755 828 1818 ore,
855 1755 951 1818 quam
973 1734 1089 1798 veneni
1111 1757 1160 1799 re

151 1822 292 1885 medium
315 1844 385 1887 esse
407 1826 633 1887 monstrasset:
656 1824 796 1887 colorem
819 1843 946 1906 quoque
968 1820 1089 1887 herbae
1111 1844 1161 1887 re·

150 1909 289 1994 ferebat,
323 1910 543 1995 adgniturum,
575 1911 603 1975 si
632 1910 704 1994 quis
735 1911 943 1994 repperisset,
975 1909 1162 1975 adfirmans.

98 2006 132 2054 27
150 1996 320 2063 Inventam
342 1999 512 2063 deinde-
527 1999 645 2083 quippe
668 2020 688 2062 a
710 1998 822 2063 multis
844 1998 942 2081 simul
966 2002 1036 2062 erat
1053 2000 1161 2083 requi·

152 2087 268 2150 sita-
286 2086 412 2151 vulneri
433 2087 579 2170 inposuit
600 2085 810 2170 protinusque
832 2085 943 2150 doloro
961 2085 1054 2151 finito
1072 2088 1162 2152 intra

98 2181 133 2231 28
152 2174 248 2238 breve
271 2175 412 2256 spatium
434 2175 567 2239 cicatrix
590 2196 716 2258 quoque
739 2175 878 2239 obducta
898 2178 956 2239 est.
995 2173 1161 2241 Barbaros

150 2265 188 2324 ut
205 2261 313 2345 prima
331 2283 403 2345 spes
422 2261 593 2344 fefellerat,
611 2283 644 2326 se
662 2263 751 2344 ipsos
769 2262 945 2346 urbemque
961 2261 1161 2328 dediderunt.

238 2349 325 2413 Hinc
350 2350 385 2413 in
416 2349 595 2433 proximam
627 2352 756 2433 gentem
784 2349 943 2414 Pataliam
967 2356 1161 2433 perventum
1171 2353 1212 2416 34

152 2441 208 2502 est.
253 2436 322 2502 Rex
350 2440 420 2502 erat
446 2437 580 2521 Moeris,
612 2436 668 2521 qui
698 2437 778 2501 urbe
809 2438 937 2502 deserta
968 2439 1003 2502 in
1033 2442 1162 2505 montes

98 2535 133 2584 29
152 2525 349 2612 profugerat
384 2525 497 2610 Itaque
515 2524 698 2590 Alexander
721 2525 839 2610 oppido
857 2527 982 2608 potitur
1001 2548 1162 2612 agrosque

151 2616 335 2699 populatur.
372 2615 517 2699 'Magnae
540 2613 614 2677 inde
636 2613 774 2697 praedae
797 2617 889 2678 actae
911 2619 988 2679 sunt
1006 2635 1162 2697 pecorum

98 2711 132 2760 30
151 2706 447 2787 armentorumque,
465 2723 583 2787 magna
601 2702 650 2767 vis
668 2705 797 2783 reperta
814 2701 979 2768 frumenti.
1014 2702 1162 2769 Ducibus

150 2790 264 2854 deinde
284 2792 420 2873 sumptis
440 2792 543 2854 amnis
561 2789 675 2874 peritis
694 2790 827 2854 defluxit
844 2790 885 2854 ad
898 2791 1038 2856 insulam
1053 2791 1161 2858 medio

22 2901 24 2904 ’
149 2876 250 2941 ferme
274 2878 366 2943 alveo
390 2881 528 2942 enatam.

576 3033 655 3101 Gar.
678 3035 734 3100 IX.

117 3153 131 3202 1
238 3141 290 3206 Ibi
308 3141 428 3207 diutius
445 3142 621 3206 subsistere
636 3144 774 3224 coactus,
792 3141 869 3225 quia
883 3141 980 3206 duces
995 3141 1161 3208 socordius

151 3230 313 3295 adservati
345 3230 567 3314 profugerant,
599 3228 702 3313 misit,
730 3229 785 3313 qui
813 3231 1038 3314 conquirerent
1065 3229 1163 3296 alios:

150 3340 210 3384 nec
236 3319 373 3403 repertis
399 3319 548 3402 pervicax
571 3317 688 3400 cupido
711 3317 836 3381 visendi
858 3317 1021 3383 Oceanum
1045 3319 1166 3386 adeun-

151 3407 246 3492 dique
278 3407 433 3471 terminos
470 3405 581 3470 mundi
613 3407 681 3470 sinc
716 3405 858 3490 regionis
890 3405 1004 3488 peritis
1036 3406 1166 3472 flumini

150 3499 263 3580 ignoto
291 3499 388 3580 caput
416 3517 511 3560 suum
533 3498 646 3578 totque
667 3494 921 3559 fortissimorum
943 3493 1092 3560 virorum
1116 3518 1167 3562 sa·
