2444 3908
322 96 574 177 ursioaraauu
592 121 806 175 Anaxauuru
824 121 862 192 v,
882 128 907 177 a.
1074 122 1116 185 89

111 264 157 329 Et
173 264 318 329 Medates
343 266 462 329 sororis
486 265 554 330 eius
576 264 678 328 filiam
697 287 804 329 secum
822 266 1028 331 matrimonio
1047 267 1116 330 iun-

111 357 211 436 xerat,
233 353 374 417 Dareum
396 353 578 436 propinqua
601 354 793 436 cognatione
816 355 1017 439 contingens.
1052 354 1117 418 Diu
1137 375 1172 424 ra

113 439 303 526 Sisigambis
336 441 517 523 supplicum
547 441 696 524 precibus
729 442 952 525 repugnavit,
971 443 1116 506 abnuens

112 529 367 612 deprecationem
393 550 452 611 pro
479 528 544 591 illis
573 529 664 608 [non]
694 528 863 593 convenire
890 528 1053 612 fortunae,
1083 530 1118 594 in

111 639 176 700 qua
203 620 300 680 esset:
333 616 493 700 adicitque
520 619 661 679 metuere
685 637 767 699 sese,
796 637 837 680 ne
860 616 991 681 victoris
1014 617 1117 680 indul-

112 703 255 787 gentiam
278 703 443 788 fatigaret,
471 703 658 788 saepiusque
682 704 837 788 cogitare,
865 705 1025 786 captivam
1048 726 1118 768 esse

113 812 161 874 se,
192 812 287 874 quam
314 791 460 876 reginam
486 790 595 855 fuisse
639 791 691 855 Ad
718 792 867 855 ultimum
893 792 978 855 victa
944 791 1117 855 tlitteris
1138 813 1172 864 ιι

112 878 331 942 Alexandrum
362 879 409 942 ita
440 878 627 962 deprecata
640 883 701 962 est,
738 879 816 943 ut
807 901 913 962 ipsum
944 883 1118 960 excusaret,

112 966 199 1067 quod
235 967 472 1050 deprecaretur:
516 969 624 1116 petere
661 987 708 1049 se,
742 970 780 1030 ut
814 967 879 1030 illis
916 987 1054 1050 quoque,
1090 966 1119 1029 si

112 1054 232 1137 minus,
263 1053 361 1118 sibi
351 1057 548 1138 ignosceret:
583 1075 642 1136 pro
669 1054 849 1118 necessario
878 1076 915 1118 ac
936 1054 1117 1137 propinquo

114 1162 181 1239 suo,
202 1141 267 1204 iam
288 1163 356 1206 non
377 1141 485 1225 hoste,
515 1141 571 1205 sed
593 1142 750 1225 supplice,
776 1143 904 1205 tantum
925 1142 1026 1206 vitam
1047 1162 1118 1225 pre-

113 1227 188 1291 cari.
231 1191 485 1294 Moderationem
513 1229 777 1312 clementiamque
804 1230 903 1313 regis,
932 1250 1013 1312 quae
1040 1231 1118 1292 tunc
1139 1248 1174 1297 15

112 1314 189 1398 fuit,
218 1317 269 1378 vel
294 1339 359 1380 una
384 1318 464 1381 haec
490 1338 542 1381 res
569 1317 673 1400 possit
695 1316 878 1381 ostendere:
910 1338 976 1386 uon
998 1313 1119 1379 Medati

114 1402 208 1466 modo
236 1402 373 1488 ignovit,
406 1405 461 1469 sed
489 1426 601 1469 omnes
628 1408 662 1469 et
688 1405 812 1468 deditos
835 1407 869 1468 et
890 1404 1034 1486 captivos
1060 1406 1116 1484 [et]

113 1489 263 1555 libertate
286 1495 382 1576 atque
403 1493 597 1557 inmunitate
619 1492 763 1575 donavit,
787 1491 899 1555 urbem
921 1492 1050 1575 reliquit
1071 1492 1118 1554 in-

113 1581 243 1662 tactam,
266 1600 363 1662 agros
387 1580 454 1643 sine
476 1581 599 1644 tributo
622 1581 725 1643 colere
747 1579 901 1662 permisit
944 1579 975 1643 A
997 1580 1118 1644 victore

114 1664 220 1729 Dareo
243 1667 337 1746 plura
358 1669 462 1729 mater
482 1688 550 1730 non
570 1667 774 1750 inpetrasset.

65 1754 105 1817 12
202 1750 361 1815 Uxiorum
387 1752 460 1815 dein
486 1756 615 1836 gentem
643 1753 810 1818 subactam
833 1751 1043 1818 Susianorum
1070 1774 1118 1815 sa·
1139 1772 1176 1822 to

113 1840 245 1921 trapeae
272 1839 461 1903 contribuit:
489 1839 659 1922 divisisque
687 1861 760 1904 cum
781 1839 994 1903 Parmenione
1017 1839 1119 1920 copiis

114 1926 207 1988 illum
229 1926 401 2007 campestri
423 1926 537 1990 itinere
559 1927 728 2010 procedere
749 1927 851 2010 iubet,
882 1926 951 2007 ipsc
973 1946 1045 1989 cum
1069 1945 1120 1988 ex·

114 2013 224 2096 pedito
248 2013 377 2097 agmine
399 2013 511 2098 iugum
532 2014 691 2079 montium
722 2015 820 2098 cepit,
847 2035 983 2097 quorum
1009 2034 1119 2096 perpe·
1147 2012 1148 2015 ’

114 2102 207 2164 tuum
229 2101 391 2164 dorsum
382 2123 416 2164 m
430 2102 592 2165 Persidem
615 2102 762 2166 excurrit
798 2101 893 2166 Omni
910 2102 971 2165 hac
989 2101 1119 2184 regione
1140 2120 1175 2168 ιτ

114 2192 220 2253 vastat
222 2211 242 2252 a
263 2189 360 2252 tertio
381 2189 431 2252 die
449 2188 621 2273 Persidem,
643 2191 755 2273 quinto
775 2193 891 2274 angust
891 2190 949 2273 ias,
971 2210 1051 2271 quas
1073 2188 1121 2251 illi

116 2273 247 2340 Susidas
274 2277 368 2358 pylas
395 2280 525 2361 vocant,
553 2277 602 2341 int
601 2281 664 2341 rat
641 2277 942 2343 tAriobarzanes
964 2276 1025 2340 has
1048 2298 1120 2340 cum

115 2381 186 2426 xxv
213 2363 342 2427 milibus
370 2364 514 2464 peditum
540 2369 763 2448 occupaverat,
796 2386 891 2447 rupes
919 2364 1060 2426 abscisas
1088 2366 1121 2424 et

120 2450 258 2533 undique
280 2453 509 2534 praeruptas,
500 2473 536 2513 ιιι
559 2473 692 2534 quarum
716 2451 933 2514 cacuminibus
956 2452 1078 2512 extrat
1064 2449 1121 2511 teli

115 2538 236 2601 iactum
258 2538 387 2602 barbari
411 2538 553 2619 stabant,
581 2537 619 2600 de
645 2537 805 2600 industria
827 2537 926 2620 quieti
949 2540 981 2599 et
1003 2556 1121 2619 paven-

115 2624 203 2689 tibus
231 2625 365 2708 similes,
397 2625 498 2689 donec
528 2625 564 2686 in
595 2624 771 2687 artissimas
800 2623 908 2687 fauces
937 2626 1121 2705 penetraret

117 2733 242 2796 agmen.
285 2711 377 2786 Quod
399 2710 455 2774 ubi
478 2714 662 2792 contemptu
685 2710 735 2774 sui
757 2732 889 2795 pergere
911 2712 1030 2795 vident,
1051 2716 1120 2774 tum
1140 2730 1174 2779 te

116 2821 192 2864 vero
220 2800 359 2883 ingentis
386 2798 616 2880 magnitudinis
645 2820 722 2862 saxa
748 2820 806 2881 per
832 2799 990 2863 montium
1018 2821 1120 2882 prona

117 2886 303 2968 devolvunt,
335 2906 416 2969 quae
445 2886 573 2949 incussa
602 2887 729 2967 saepius
756 2886 994 2950 subiacentibus
1020 2886 1120 2968 petris

116 2971 238 3036 maiore
265 2973 297 3035 vi
318 2973 504 3036 incidebant
526 2994 586 3036 nec
609 2973 752 3056 singulos
775 2974 884 3055 mode,
913 2975 968 3037 sed
991 2975 1121 3057 agmina

78 3109 80 3113 ,
118 3059 334 3144 proterebant
365 3059 486 3123 Fundis
505 3082 631 3143 quoque
649 3060 773 3124 excussi
790 3061 912 3143 lapides
932 3064 964 3123 et
982 3062 1120 3144 sagittae
1140 3079 1172 3127 19

117 3147 256 3232 undique
288 3147 527 3231 ingerebantur.
575 3146 644 3211 Nec
675 3148 708 3210 id
739 3148 953 3211 miserrimum
982 3148 1120 3211 fortibus

117 3235 195 3298 viris
219 3238 296 3318 erat,
320 3236 376 3300 sed
394 3234 478 3319 quod
496 3235 599 3317 inulti,
622 3235 708 3318 quod
726 3236 866 3298 ferarum
885 3237 948 3297 ritu
968 3236 1066 3298 veluti
1086 3235 1121 3297 in

117 3322 211 3386 fovea
241 3324 429 3405 deprehensi
460 3323 674 3388 caederentur.
728 3323 781 3386 Ira
811 3324 911 3405 igitur
937 3324 971 3385 in
999 3323 1120 3385 rabiem
1138 3342 1173 3391 20

117 3430 211 3473 versa
232 3413 406 3474 eminentia
429 3433 506 3475 saxa
528 3412 683 3493 conpleri,
705 3414 742 3473 ut
765 3410 805 3474 ad
827 3411 953 3474 hostem
976 3409 1120 3491 perveni-

116 3498 204 3579 rent,
236 3498 315 3561 alius
339 3499 438 3563 alium
460 3500 604 3562 levantes
627 3499 828 3563 conabantur
849 3496 1031 3560 ascendere.
1072 3495 1129 3555 lla
