2408 3944
237 119 489 177 HISTORIARUM
507 123 721 177 ALEXANDRI
739 125 791 190 Ill,
811 131 852 178 12.
873 131 913 179 13.
1034 126 1077 188 27

69 259 291 328 Parmenionis
314 264 456 329 animum
476 266 610 330 insidias
631 268 776 332 timentis
800 271 833 332 et
852 268 1001 352 ignotum
1017 268 1078 333 iter

71 351 140 414 sine
163 351 242 415 duce
268 373 336 416 non
358 353 497 417 audebat
518 353 654 438 ingredi.
688 355 847 419 Felicitati
869 359 978 419 tamen
992 357 1077 440 regis

70 439 120 501 sui
142 439 282 503 confisus
305 443 461 524 agrestes,
488 441 543 524 qui
565 442 661 505 duces
682 442 807 506 itineris
831 447 951 526 essent,
974 444 1077 527 excipi

68 526 172 590 iussit.
217 525 338 601 Quibus
366 529 509 592 celeriter
534 529 668 612 repertis
693 533 807 613 quarto
831 530 881 593 die
904 530 944 593 ad
965 532 1078 595 urbem

69 613 217 697 pervenit
243 615 307 678 iam
330 617 490 679 metuente
513 617 688 701 praefecto,
719 639 760 681 ne
783 617 844 681 sibi
865 617 944 680 fides
965 617 1077 682 habita

70 722 137 765 non
174 705 266 765 esset.
318 703 422 786 Igitur
458 704 548 786 quasi
583 726 696 788 parum
728 705 935 767 munimentis
969 705 1112 787 oppidi5

70 788 173 851 fidens
200 792 275 852 ante
302 792 379 855 solis
408 793 514 855 ortum
540 792 708 875 pecuniam
735 792 858 876 regiam
890 827 934 836 -
965 812 1078 875 gazam
1172 848 1174 854 ,

70 874 186 939 Persae
207 882 381 942 vocant-
395 900 467 943 eum
484 878 724 962 pretiosissimis
742 900 848 942 rerum
863 878 968 941 efferri
981 879 1078 962 iubet,

70 963 181 1048 fugam
213 965 380 1049 simulans,
411 988 446 1029 re
472 988 561 1050 vera,
589 970 627 1030 ut
654 967 807 1050 praedam
833 965 920 1030 hosti
943 967 1078 1030 offerret.

18 1050 174 1116 34Multa
195 1053 285 1117 milia
305 1054 447 1117 virorum
466 1053 718 1137 feminarumque
737 1053 942 1117 excedentem
960 1054 1078 1136 oppido
1097 1058 1113 1106 6

72 1140 298 1225 sequebantur,
328 1141 477 1205 omnibus
503 1141 694 1206 miserabilis
720 1141 817 1205 turba
843 1145 970 1225 praeter
997 1163 1078 1224 eum,

72 1226 161 1290 cuius
187 1227 261 1292 fidei
288 1229 459 1293 commissa
485 1232 562 1293 erat.
607 1229 731 1313 Quippe
761 1251 824 1312 quo
846 1229 950 1292 maior
972 1229 1078 1310 prodi·

71 1314 168 1378 tionis
197 1337 318 1381 merces
346 1317 445 1400 foret,
476 1317 601 1381 obicere
628 1316 716 1380 hosti
741 1316 879 1400 parabat
904 1316 1078 1400 gratiorem

72 1400 162 1464 omni
182 1405 317 1486 pecunia
339 1403 499 1488 praedam,
521 1405 646 1469 nobiles
665 1404 760 1486 viros,
783 1405 967 1487 praetorum
981 1403 1078 1466 Darei

71 1490 222 1574 coniuges
244 1492 432 1575 liberosque,
455 1496 581 1576 praeter
597 1492 658 1556 hos
677 1491 871 1556 Graecarum
889 1492 1016 1554 urbium
1034 1491 1078 1554 le-

70 1580 178 1662 gatos,
200 1602 280 1664 quos
303 1579 440 1663 Dareus,
462 1581 606 1645 velutin
628 1601 700 1643 arce
722 1579 893 1661 tutissima,
915 1578 949 1642 in
971 1578 1077 1662 prodi-

69 1666 149 1728 toris
172 1669 344 1751 reliquerat
364 1668 522 1732 manibus.
557 1666 730 1751 Gangabas
744 1666 861 1730 Persae
882 1670 999 1730 vocant
1020 1664 1077 1728 hu·
1098 1667 1113 1716 ⁷

70 1753 167 1815 meris
195 1774 294 1816 onera
319 1758 499 1836 portantes:
534 1755 569 1818 hi
596 1777 669 1819 oum
695 1754 822 1819 bamam
848 1753 983 1817 tolerare
1010 1774 1078 1817 non

71 1842 206 1920 possent
228 1876 270 1884 —
294 1841 409 1923 quippe
436 1840 575 1922 procella
603 1841 710 1904 subito
736 1841 842 1904 nivem
870 1839 1024 1903 effuderat
1046 1844 1080 1904 et

70 1925 188 1989 humus
210 1926 337 2011 rigebat
359 1928 432 2011 gelu
454 1930 524 1989 tum
547 1926 701 1990 adstricta
714 1961 756 1972 —
770 1929 884 2008 vestes,
907 1947 985 2008 quas
1007 1947 1079 1989 eum

70 2014 207 2096 pecunia
233 2014 421 2098 portabant,
451 2035 529 2078 auro
557 2017 590 2078 et
611 2035 754 2097 purpura
774 2012 919 2097 insignes
940 2012 1080 2077 induunt

69 2101 159 2166 nullo
181 2102 350 2185 prohibere
373 2124 467 2184 auso,
490 2122 562 2166 eum
584 2101 716 2166 fortuna
737 2101 822 2184 regis
846 2099 942 2164 etiam
964 2100 1079 2164 humil-

69 2189 154 2252 limis
176 2191 211 2253 in
232 2190 339 2274 ipsum
361 2190 524 2254 licentiam
544 2189 673 2255 faceret.
710 2187 889 2252 Praebuere
907 2209 983 2273 ergo
1002 2188 1077 2252 Par·
1096 2191 1113 2239 8

70 2277 211 2341 menioni
242 2299 309 2343 non
336 2277 508 2361 spernendi
534 2277 671 2362 agminis
699 2277 844 2360 speciem.
890 2275 951 2352 Qui
973 2277 1077 2340 inten-

70 2364 152 2428 tiore
190 2386 265 2430 cura
300 2387 375 2430 suos
416 2365 508 2450 quasi
546 2365 586 2430 ad
621 2366 741 2428 iustum
777 2364 933 2447 proelium
967 2364 1077 2446 paucis

70 2450 258 2516 adhortatus
280 2453 371 2538 equis
394 2453 531 2518 calcaria
551 2453 641 2516 iubet
663 2452 797 2517 subdere
821 2454 854 2514 et
872 2449 938 2513 acri
955 2450 1078 2532 impetu

69 2540 106 2603 in
122 2538 249 2605 hostem
268 2541 367 2604 evehi.
403 2540 449 2603 At
465 2540 522 2621 illi,
544 2539 615 2623 quis
634 2539 693 2602 sub
713 2537 863 2601 oneribus
877 2540 970 2599 erant
983 2537 1077 2600 omis·
1096 2539 1112 2586 9

71 2628 128 2711 sis,
150 2650 208 2710 per
229 2631 351 2692 metum
374 2630 547 2710 capessunt
567 2626 692 2709 fugam:
723 2623 839 2687 armati
862 2644 1001 2706 quoque,
1024 2624 1078 2707 qui

71 2737 124 2780 eos
147 2715 431 2798 prosequebantur,
454 2711 565 2776 eodem
587 2715 676 2775 metu
699 2733 788 2774 arma
807 2711 926 2774 iactare
945 2732 982 2774 ae
999 2715 1078 2776 nota

70 2803 264 2867 deverticula
286 2804 394 2884 petere
417 2803 597 2884 coeperunt.
632 2799 826 2882 Praefectus,
849 2799 940 2883 quasi
959 2803 992 2863 et
1008 2800 1077 2882 ipse
1098 2802 1129 2849 10

70 2891 272 2974 conterritus,
294 2889 448 2953 simulans
471 2891 586 2952 cuncta
605 2908 724 2971 pavore
745 2885 956 2969 conpleverat.
991 2884 1077 2950 Iace-

70 2977 151 3041 bant
175 2978 253 3041 totis
280 2977 401 3060 campis
429 2997 505 3058 opes
531 2975 651 3058 regiae,
682 2973 739 3037 illa
760 2972 895 3056 pecunia
918 2974 1077 3056 stipendio

69 3065 195 3149 ingenti
226 3065 365 3128 militum
392 3066 596 3147 praeparata,
632 3062 686 3126 ille
714 3063 818 3125 cultus
844 3063 895 3125 tot
920 3061 1077 3124 nobilium

69 3153 224 3235 virorum,
252 3155 303 3217 tot
324 3152 496 3215 illustrium
518 3150 723 3232 feminarum,
753 3170 849 3212 aurea
871 3171 962 3230 vasa,
989 3149 1077 3212 aurei
1096 3149 1127 3198 11

68 3241 161 3324 freni,
182 3241 389 3305 tabernacula
407 3239 509 3324 regali
529 3237 767 3322 magnificentia
785 3239 906 3318 ornata,
929 3236 1075 3300 vehicula

69 3349 196 3411 quoque
232 3350 252 3392 a
286 3328 351 3392 suis
384 3327 550 3408 destituta,
586 3323 727 3409 ingentis
760 3324 940 3407 opulentiae
972 3325 1076 3406 plena,

69 3415 166 3478 facies
189 3415 285 3480 etiam
306 3413 535 3499 praedantibus
557 3412 674 3495 tristis,
700 3410 727 3475 si
750 3433 813 3495 que
835 3433 886 3474 res
910 3412 1076 3475 avaritiam

69 3505 255 3567 moraretur.
300 3501 424 3587 Quippe
446 3498 499 3566 tot
526 3521 684 3564 annorum
712 3498 890 3562 incredibili
920 3501 953 3560 et
981 3496 1077 3560 fidem
