2444 3908
131 133 196 197 174
500 131 531 197 Q.
551 131 663 187 OURTI
680 131 768 186 RUFI

76 297 108 347 er
129 282 258 342 terram.
296 275 457 361 Hypsides
475 279 605 359 poterat
626 276 755 358 quidem
774 275 924 359 effugere,
941 275 1003 340 sed
1022 277 1153 345 amisso

130 366 232 430 amico
251 366 335 429 mori
353 364 476 429 statuit
509 363 585 428 Una
598 367 667 428 erat
681 385 765 448 cura,
778 385 820 428 ne
833 363 956 429 inultus
972 364 1152 433 occideret

128 453 243 537 Itaque
272 452 409 517 subditis
441 452 619 517 calcaribus
647 473 728 535 equo
758 451 792 515 in
819 451 943 517 medios
970 450 1087 520 hostis
1116 477 1152 520 se

129 541 252 605 inmisit
278 544 312 605 et
337 539 540 605 memorabili
566 540 652 604 edita
678 559 789 623 pugna
802 541 950 605 ¹obrutus
977 541 1062 607 telis
1090 546 1151 608 est

76 648 111 697 aa
131 629 223 705 Quod
241 628 297 694 ubi
314 628 435 706 videre,
454 628 511 711 qui
528 627 619 693 caedi
637 631 838 711 supererant,
859 627 1026 693 tumulum
1043 630 1152 714 paulo

130 739 227 801 quam
245 720 351 781 cetera
369 716 536 780 editiorem
557 715 700 799 capiunt:
724 737 804 799 quos
824 714 1032 799 Spitamenes
1058 716 1151 783 fame

129 807 164 870 in
187 805 381 869 deditionem
400 803 591 868 subacturus
609 803 745 868 obsedit.
787 801 936 869 Cecidere
954 824 995 868 eo
1014 808 1149 888 proelio

77 912 112 961 es
128 893 274 976 peditum
291 911 318 956 11
335 891 435 976 milia,
450 908 513 958 coo
530 891 663 975 equites.
699 890 803 966 Quam
816 891 939 956 cladem
952 890 1150 959 Alexander

130 981 256 1046 sollerti
282 980 417 1045 consilio
445 979 541 1058 texit,
572 983 677 1045 morte
707 979 897 1045 denuntiata
922 978 979 1064 iis,
1012 981 1074 1065 qui
1107 1004 1148 1048 ex

131 1069 257 1152 proelio
281 1069 489 1150 advenerant,
512 1068 541 1133 si
563 1070 637 1133 acta
658 1067 855 1150 vulgassent.

535 1221 616 1289 Onr.
638 1224 729 1290 VIII.

96 1349 109 1396 1
219 1327 369 1394 Ceterum
383 1349 456 1394 cum
469 1330 578 1393 animo
597 1329 757 1413 disparem
770 1331 896 1395 vultum
914 1331 1040 1399 diutIus
1057 1334 1188 1401 ferredd

129 1439 196 1482 non
217 1420 341 1502 posset,
367 1417 402 1480 in
423 1417 667 1482 tabernaculum
689 1440 784 1501 super
806 1419 911 1503 ripam
935 1420 1083 1489 fluminis
1106 1425 1145 1489 de

94 1505 290 1571 aindastria
315 1506 458 1569 locatum
484 1504 625 1570 secessit
673 1504 724 1569 Ibi
753 1507 821 1571 sine
849 1507 981 1572 arbitris
1010 1511 1146 1596 singula

130 1593 231 1658 animi
249 1593 398 1658 consulta
415 1593 577 1677 pensando
595 1595 725 1658 noctem
743 1594 865 1678 vigiliis
884 1597 1028 1662 extraxit
1046 1620 1145 1684 saepe

129 1682 269 1764 pellibus
293 1681 495 1746 tabernaculi
518 1681 687 1764 adlevatis,
713 1686 751 1746 ut
773 1682 972 1765 conspiceret
993 1684 1145 1753 hostium

129 1770 235 1854 ignes,
263 1770 419 1854 equibus
448 1769 625 1834 coniectare
652 1771 795 1853 poterat,
823 1775 943 1853 quanta
970 1771 1143 1842 hominum

94 1877 109 1924 3
129 1858 303 1923 multitudo
322 1862 415 1922 esset.
450 1857 582 1942 Iamque
605 1858 661 1921 lux
679 1857 860 1941 adpetebat,
878 1880 951 1924 cum
968 1861 1142 1929 thoracem

128 1946 261 2012 indutus
283 1947 428 2029 procedit
449 1945 490 2010 ad
512 1945 645 2024 milites,
668 1950 738 2011 tum
758 1946 899 2028 primum
921 1951 998 2031 post
1024 1951 1142 2017 vulnus

93 2035 275 2118 eproxime
306 2037 480 2117 acceptum.
530 2032 636 2097 Tanta
667 2037 737 2097 erat
769 2033 852 2116 apud
884 2056 938 2100 eos
970 2040 1143 2106 veneratio

128 2122 229 2204 regis,
251 2122 288 2184 ut
305 2119 401 2183 facile
419 2120 567 2202 periculi,
586 2120 672 2204 quod
691 2120 879 2204 horrebant,
903 2123 1142 2206 cogitationem

93 2207 309 2291 spraesentia
336 2207 403 2271 eius
431 2209 602 2271 excuteret.
646 2206 739 2271 Laeti
762 2229 839 2293 ergo
867 2214 901 2275 et
927 2215 1142 2281 manantibus

129 2294 246 2379 gaudio
279 2292 421 2358 lacrimis
454 2294 658 2358 consalutant
685 2317 757 2359 eum
788 2300 835 2379 et,
866 2297 952 2380 quod
983 2304 1064 2366 ante
1091 2325 1142 2368 re-

94 2403 109 2450 c
128 2385 318 2447 creaverant
338 2381 473 2465 bellum,
495 2380 617 2446 feroces
641 2382 827 2464 deposcunt.
869 2384 931 2450 Ille
953 2407 988 2450 se
1010 2390 1142 2457 ratibus

129 2471 269 2555 equitem
282 2470 540 2555 phalangemque
549 2471 845 2553 transportaturum
854 2493 924 2537 esse
937 2477 1145 2562 pronuntiat,

95 2579 225 2643 isuper
247 2563 336 2624 utres
358 2558 449 2624 iubet
466 2579 542 2623 nare
564 2558 666 2623 levius
685 2561 837 2624 armatos.
874 2561 974 2626 Plura
990 2583 1053 2629 nec
1075 2566 1144 2632 diei

127 2670 179 2711 res
203 2647 397 2712 desideravit
418 2669 477 2712 nec
501 2669 556 2711 rex
579 2646 683 2710 dicere
706 2668 763 2729 per
785 2647 996 2713 valitudinem
1020 2655 1144 2735 potuit

93 2732 278 2799 aOeterum
305 2737 398 2798 tanta
426 2734 594 2799 alacritate
621 2734 761 2798 militum
783 2738 871 2800 rates
897 2737 1027 2802 iunctae
1051 2747 1145 2828 sunt,

128 2825 165 2885 ut
183 2821 269 2885 intra
286 2821 428 2885 triduum
446 2821 487 2885 ad
504 2839 555 2885 ΧΠ
572 2822 662 2885 milia
681 2822 811 2886 effectae
830 2822 903 2888 sint
942 2823 1079 2911 Iamque
1097 2831 1143 2895 ad

127 2908 359 2973 transeundum
378 2909 486 2973 omnia
505 2912 708 2992 aptaverant,
731 2930 803 2974 cum
821 2911 923 2994 legati
939 2911 1144 2996 Scytharum

127 3014 185 3079 xx,
203 3018 292 3061 more
311 2996 416 3081 gentis
434 3018 493 3080 per
510 3000 617 3061 castra
636 2997 725 3081 equis
744 2998 839 3081 vecti,
856 3000 1005 3065 nuntiare
1022 3002 1146 3072 iubent

94 3104 110 3152 9
129 3084 212 3168 regi,
241 3085 323 3148 velle
346 3084 435 3168 ipsos
457 3085 498 3149 ad
521 3106 593 3149 eum
615 3085 769 3150 mandata
795 3086 945 3169 perferre.
989 3089 1144 3159 Admissi

128 3174 161 3237 in
184 3172 428 3237 tabernaculum
450 3173 594 3257 iussique
617 3173 781 3237 considere
803 3174 836 3238 in
859 3176 952 3240 vultu
972 3178 1062 3264 regis
1085 3181 1144 3247 de-

127 3261 265 3325 fixerant
283 3261 405 3325 oculos:
431 3261 539 3344 credo,
562 3261 634 3344 quis
657 3261 878 3345 magnitudine
901 3267 1046 3346 corporis
1071 3270 1144 3335 ani·

128 3372 217 3414 mum
254 3348 501 3414 aestimantibus
536 3349 680 3413 modicus
719 3349 849 3414 habitus
885 3350 1144 3439 haudquaquam

76 3457 109 3505 ιο
128 3436 234 3503 famae
260 3459 318 3521 par
345 3437 520 3502 videbatur.
565 3435 696 3519 Scythis
726 3440 835 3502 autam
860 3460 928 3503 non
952 3443 991 3505 ut
1019 3446 1143 3512 ceteris

129 3526 276 3591 barbaris
297 3526 386 3591 rudis
406 3529 438 3590 et
455 3524 638 3591 inconditus
657 3546 769 3590 sensus
788 3528 850 3590 est:
874 3525 1004 3610 quidam
1022 3551 1145 3599 eorum
