2444 3908
504 131 536 196 Q.
555 129 666 187 cuam
683 129 770 185 RUFI

561 335 639 401 Car.
661 334 716 400 XI.

100 475 114 523 1
221 453 304 518 Erat
331 453 416 517 inter
442 451 537 516 duces
566 473 663 514 manu
691 453 839 514 strenuus
866 449 970 514 Bolon
999 450 1147 535 quidam,
1158 455 1197 520 41

132 542 223 627 pacis
251 541 369 606 artium
396 543 429 604 et
451 539 556 604 civilis
578 539 708 603 habitus
731 538 833 621 rudis,
855 542 945 602 vetus
969 539 1078 622 miles,
1103 539 1147 603 ab

117 630 249 695 humili
270 629 380 694 ordine
403 628 444 692 ad
462 650 535 692 eum
553 627 701 710 gradum,
724 626 759 689 in
782 648 845 709 quo
868 629 945 690 tuno
964 629 1048 708 erat,
1071 648 1148 709 pro

98 738 115 785 a
135 723 255 784 motus:
280 718 333 801 qui
351 715 531 781 tacentibus
551 715 666 778 ceteris
685 714 805 779 stolida
824 713 958 778 audacia
976 712 1068 777 ferox
1090 715 1147 779 ad·

134 828 264 872 monere
288 827 342 870 eos
366 804 485 887 coepit,
514 803 662 887 quotiens
690 803 757 867 suis
781 803 916 885 quisque
940 801 1149 886 deversoriis,

134 917 215 980 quae
243 896 465 976 occupassent,
496 891 706 974 proturbatus
735 893 832 974 esset,
866 893 903 954 ut
928 894 1149 974 purgamenta

136 1005 298 1048 servorum
317 981 465 1045 Philotae
488 979 706 1062 reciperentur
725 1000 776 1061 eo,
798 979 881 1043 unde
905 976 1147 1044 commilitones

99 1072 339 1155 aexpulissent.
391 1069 480 1132 Auro
513 1072 711 1151 argentoque
742 1067 891 1131 vehicula
922 1066 991 1129 eius
1025 1071 1148 1132 onusta

134 1160 212 1222 totis
231 1158 310 1221 vicis
334 1157 462 1219 stetisse
482 1176 519 1219 ac
539 1175 578 1216 ne
598 1155 632 1216 in
650 1155 801 1218 viciniam
820 1153 948 1238 quidem
966 1152 1148 1220 deversorii

136 1265 328 1327 quemquam
343 1242 601 1306 commilitonum
618 1245 783 1324 receptum
800 1263 878 1325 esse,
893 1241 949 1306 scd
962 1263 1021 1325 per
1036 1242 1148 1326 dispo·

136 1332 225 1414 sitos,
248 1352 327 1413 quos
347 1351 444 1411 supra
463 1351 611 1394 somnum
628 1328 779 1412 habebat,
800 1351 911 1393 omnes
929 1330 1044 1413 procul
1062 1333 1147 1397 rele-

136 1422 243 1503 gatos,
267 1438 307 1480 ne
329 1417 450 1481 femina
471 1417 530 1481 illa
552 1418 821 1481 murmurantium
844 1418 930 1481 inter
953 1439 986 1482 se
1010 1419 1147 1484 silentio

99 1507 242 1574 everius
279 1527 376 1589 quam
412 1526 491 1569 sono
527 1505 726 1569 excitaretur.
784 1503 940 1569 Ludibrio
977 1507 1007 1570 ei
1043 1506 1146 1572 fuisse

135 1594 274 1659 rusticos
307 1592 453 1657 homines
480 1592 691 1676 Phrygasque
719 1596 752 1657 et
777 1591 1005 1677 Paphlagonas
1033 1595 1146 1677 appel·

135 1684 235 1766 latos,
268 1681 323 1765 qui
350 1702 414 1745 non
444 1681 657 1764 erubesceret,
689 1679 822 1745 Macedo
853 1685 963 1759 natus,
995 1682 1146 1748 homines

100 1771 268 1854 elinguas
289 1791 365 1833 suae
388 1790 445 1852 per
467 1769 677 1851 interpretem
700 1769 818 1833 audire.
854 1768 949 1833 Nunc
972 1790 1027 1833 our
1046 1769 1147 1835 Ham·

135 1879 264 1924 monem
288 1858 411 1922 consuli
433 1857 552 1922 vellet?
577 1857 711 1921 eundem
733 1857 820 1920 Iovis
844 1857 989 1941 arguisse
1016 1859 1146 1923 menda·

136 1948 220 2011 cium
236 1946 456 2010 Alexandrum
474 1946 576 2010 filium
596 1945 836 2030 adgnoscentis,
855 1945 978 2009 scilicet
996 1947 1148 2033 veritum,

100 2053 177 2101 cue
200 2034 395 2099 invidiosum
419 2036 516 2115 esset,
540 2034 624 2117 quod
647 2033 693 2096 dii
712 2033 873 2096 offerrent.
909 2031 990 2098 (lum
1013 2034 1148 2100 insidia·

136 2125 224 2185 retur
243 2122 343 2202 capiti
360 2121 447 2204 regis
467 2125 499 2184 et
516 2121 621 2203 amici,
639 2142 704 2185 non
718 2121 915 2186 consuluisse
934 2142 1006 2185 eum
1020 2121 1148 2189 Iovem:

136 2230 219 2272 nuno
240 2208 280 2271 ad
299 2210 462 2271 oraculum
480 2209 619 2291 mittere,
642 2209 718 2271 dum
736 2211 829 2292 pater
851 2210 919 2273 eius
941 2210 1148 2296 sollicitetur,

137 2297 193 2378 qui
223 2297 345 2378 praesit
374 2296 409 2359 in
436 2295 555 2376 Media,
588 2300 620 2359 et
645 2297 794 2378 pecunia,
827 2296 915 2361 cuius
943 2298 1091 2363 custodia
1118 2301 1149 2365 ei

137 2384 309 2449 commissa
333 2384 389 2468 sit,
410 2382 554 2465 perditos
577 2384 723 2447 homines
747 2385 789 2448 ad
808 2386 1148 2472 societatemaesceleris

101 2473 280 2555 ainpellat.
320 2471 413 2556 Ipsos
433 2471 587 2535 missuros
607 2472 648 2535 ad
671 2473 849 2557 oraculum,
871 2494 937 2537 non
960 2473 1014 2556 qui
1032 2471 1148 2541 Iovem

136 2563 349 2646 interrogent,
371 2561 456 2644 quod
475 2581 512 2624 ex
530 2579 607 2642 rege
626 2561 849 2645 cognoverint,
872 2561 927 2625 sed
947 2562 1001 2645 qui
1020 2563 1148 2645 gratias

137 2654 249 2731 agant,
283 2649 337 2732 qui
365 2652 442 2713 vota
469 2669 527 2730 pro
556 2649 776 2712 incolumitate
807 2649 892 2732 regis
925 2649 1041 2731 optimi
1072 2673 1147 2736 per·

100 2754 117 2802 8
138 2736 275 2800 solvant.
319 2736 401 2798 Tum
428 2757 504 2799 vero
528 2737 677 2800 universa
705 2737 811 2801 contio
836 2758 969 2801 accensa
993 2740 1043 2801 est
1065 2743 1099 2803 ot
1127 2762 1148 2803 a

137 2824 279 2904 corporis
299 2823 484 2887 custodibus
504 2823 634 2886 initium
651 2823 773 2887 factum
788 2825 1012 2909 clamantibus,
1030 2825 1148 2892 discer-

136 2910 276 2993 pendum
300 2932 370 2973 esse
392 2910 584 2992 parricidam
609 2911 757 2974 manibus
776 2933 887 2975 eorum
902 2914 992 2977 -id
1016 2914 1148 2997 quidem

136 2997 295 3081 Philotas,
325 2999 380 3081 qui
403 2999 553 3082 graviora
579 2999 738 3082 supplicia
760 3003 930 3083 metueret,
958 3001 1045 3065 haud
1069 3024 1148 3067 sane

101 3106 118 3153 9
137 3086 248 3168 iniquo
269 3086 378 3150 animo
395 3087 555 3169 audiebat,
572 3123 608 3132 —
626 3091 661 3150 at
674 3108 730 3150 rex
745 3088 778 3150 in
793 3089 975 3153 contionem
989 3111 1148 3174 reversus,
1158 3091 1205 3156 42

137 3175 204 3237 sive
227 3174 320 3237 utin
343 3174 489 3238 custodia
513 3196 640 3257 quoque
661 3179 841 3258 torqueret,
864 3177 932 3245 sive
951 3182 988 3242 ut
1011 3177 1147 3261 diligen·

136 3262 201 3325 tius
230 3265 343 3325 cuncta
371 3267 592 3346 cognosceret,
620 3262 789 3327 concilium
817 3264 1038 3347 inposterum
1063 3267 1149 3332 diem

138 3350 266 3415 distulit
299 3352 344 3432 et,
377 3372 571 3434 quamquam
599 3350 633 3414 in
666 3372 833 3433 vesperam
860 3353 1040 3418 inclinabat
1071 3356 1150 3439 dies,

137 3442 246 3503 tamen
279 3439 401 3503 amicos
434 3438 604 3503 convocari
635 3438 735 3504 iubet.
789 3440 834 3503 Et
868 3442 983 3506 ceteris
1020 3443 1151 3526 quidem

87 3544 119 3594 ιο
138 3529 301 3610 placebat,
332 3526 544 3592 Macedonum
572 3548 660 3591 more
696 3528 790 3591 obrui
820 3529 918 3612 saxis,
949 3527 1151 3614 Hephaestio
