2444 3908
128 141 194 204 200
496 138 529 205 Q.
549 136 656 193 CURTI
674 137 760 192 RUFI

75 297 108 347 21
127 283 299 350 inveterati
312 283 412 347 moris
427 285 559 346 externa
575 280 721 345 mutatio.
747 279 816 346 Nec
830 280 1002 364 quicquam
1017 301 1141 366 eorum,

129 395 210 457 quae
237 371 376 436 invicem
401 371 524 435 iactata
548 373 652 453 erant,
678 390 734 432 rex
760 368 946 453 ignorabat,
968 389 1040 432 cum
1063 372 1143 451 post

129 457 257 542 aulaea,
279 480 360 543 quae
383 459 475 523 lectis
498 457 688 539 obduxerat,
711 459 822 521 staret.
862 455 968 539 Igitur
986 455 1026 520 ad
1048 455 1140 539 Agin

129 551 162 613 et
180 545 331 611 Cleonem
355 547 456 630 misit,
479 549 517 610 nt
535 566 681 610 sermone
703 545 796 610 finito
819 544 975 609 barbaros
998 547 1142 627 tantum,

129 657 202 700 cum
232 637 398 717 intrasset,
428 633 637 716 procumbere
666 653 723 698 suo
751 653 840 695 more
871 635 1073 714 paterentur,
1106 637 1142 696 et

128 723 225 808 paulo
249 726 336 806 post,
360 722 452 805 quasi
471 722 599 804 potiora
622 720 778 806 quaedam
796 720 931 805 egisset,
954 720 1139 785 convivium

76 824 110 873 aa
129 810 255 894 repetit.
305 808 408 885 Quem
439 808 666 874 venerantibus
698 807 806 872 Persis
835 806 1050 891 Polypercon,
1083 807 1140 892 qui

129 898 270 965 cubabat
283 919 379 981 super
397 917 516 981 regem,
534 919 632 961 unum
647 917 685 960 ex
702 896 755 960 his
773 898 883 960 mento
897 895 1139 979 contingentem

128 987 263 1051 humum
285 1007 344 1069 per
365 985 541 1050 ludibrium
564 984 669 1068 coepit
689 984 829 1068 hortari,
856 986 894 1048 ut
916 983 1139 1048 vehementius

128 1074 161 1138 id
180 1077 327 1158 quateret
343 1073 384 1138 ad
402 1076 534 1157 terram,
552 1072 723 1155 elicuitque
741 1073 822 1135 iram
836 1071 1023 1153 Alexandri,
1040 1092 1139 1154 quam

130 1161 209 1226 olim
224 1162 333 1225 animo
347 1182 460 1242 capere
478 1181 544 1224 non
558 1163 695 1243 poterat.
727 1157 840 1243 Itaque
854 1182 919 1241 rex,
935 1158 994 1223 ‘Tu
1009 1157 1140 1243 autem',

77 1262 112 1311 aa
131 1249 245 1331 inquit,
261 1247 337 1311 ‘non
349 1247 555 1312 veneraberis
569 1247 642 1310 me?
670 1247 723 1310 An
740 1247 802 1311 tibi
816 1248 872 1310 uni
889 1247 979 1330 digni
992 1245 1142 1312 videmur

130 1356 201 1400 esse
228 1333 402 1399 ludibriol'
446 1333 506 1398 Ille
533 1355 594 1398 nec
619 1354 728 1418 regem
755 1334 894 1398 ludibrio
921 1355 981 1420 nec
1005 1355 1040 1398 se
1063 1354 1140 1400 oon-

76 1436 111 1486 ξι
129 1425 255 1506 temptu
278 1422 410 1506 dignum
439 1442 509 1487 esse
533 1422 707 1504 respondit.
753 1421 836 1485 Tum
862 1422 1041 1487 detractum
1065 1443 1139 1488 eum

129 1511 215 1575 lecto
246 1531 303 1575 rex
334 1510 526 1594 praecipitat
559 1511 594 1574 in
623 1513 743 1574 terram
776 1513 822 1592 et,
854 1530 926 1573 cum
958 1509 986 1574 is
1017 1531 1139 1593 pronus

130 1599 316 1682 corruisset,
340 1595 514 1681 ‘Videsne',
536 1598 657 1682 inquit,
679 1596 775 1661 ‘idem
793 1601 826 1661 te
844 1597 972 1680 fecisse,
995 1596 1081 1681 quod
1103 1598 1139 1661 in

131 1686 194 1751 alio
222 1685 320 1769 paulo
349 1690 424 1750 ante
450 1684 613 1750 ridebasl'
657 1685 703 1750 Et
729 1685 816 1750 tradi
838 1706 876 1750 eo
902 1685 937 1750 in
959 1685 1139 1749 custodiam

131 1775 219 1839 iusso
244 1775 427 1841 convivium
453 1774 557 1839 solvit.

555 1930 633 1998 Cur.
658 1930 715 1996 VI.

97 2052 111 2100 1
220 2038 448 2122 Polyperconti
467 2038 594 2121 quidem
612 2039 726 2120 postea
747 2036 906 2120 castigato
926 2036 981 2102 din
997 2037 1140 2121 ignovit:

129 2127 165 2190 in
192 2123 415 2190 Callisthenen
442 2125 521 2190 olim
548 2124 750 2189 contumacia
781 2127 965 2208 suspectum
997 2126 1140 2209 pervica—

95 2213 228 2278 ncioris
265 2213 332 2276 irae
368 2213 440 2278 fuit.
497 2209 595 2278 Cuius
632 2212 807 2294 explendae
843 2215 972 2277 matura
1008 2213 1141 2278 obvenit

131 2300 266 2366 occasio.
310 2299 383 2365 Mos
407 2302 489 2383 erat,
518 2305 555 2364 ut
581 2299 821 2382 supradictum
849 2303 911 2384 est,
937 2300 1139 2384 principibus
1150 2301 1192 2367 21

130 2386 341 2453 Macedonum
365 2388 492 2453 adultos
514 2387 633 2452 liberos
656 2387 787 2472 regibus
809 2388 938 2453 tradere
961 2387 1001 2452 ad
1028 2389 1141 2454 munia

96 2476 217 2541 ahaud
235 2477 372 2541 multum
389 2475 560 2541 servilibus
579 2475 766 2540 ministeriis
786 2475 1004 2541 abhorrentia.
1034 2475 1140 2541 Excu

130 2565 255 2629 habant
272 2567 417 2630 'servatis
444 2565 590 2630 noctium
611 2563 734 2628 vicibus
759 2563 899 2647 proximi
920 2564 1045 2629 foribus
1069 2565 1140 2630 eius

131 2652 233 2734 aedis,
256 2653 291 2716 in
310 2675 373 2736 qua
390 2674 446 2716 rex
465 2652 699 2736 adquiescebat.
736 2651 799 2717 Per
818 2651 878 2716 hos
901 2652 1020 2735 pelices
1039 2653 1141 2718 intro-

131 2739 330 2803 ducebantur
352 2739 416 2805 alio
440 2739 543 2823 aditu,
565 2761 661 2823 quam
684 2760 779 2823 quem
802 2741 919 2804 armati
939 2738 1140 2806 obsidebant.

95 2826 233 2891 elidem
256 2831 405 2910 acceptos
429 2827 468 2891 ab
493 2827 686 2910 agasonibus
711 2848 823 2910 equos,
850 2847 923 2891 cum
949 2849 1007 2892 rex
1029 2849 1140 2894 ascen-

131 2935 224 2978 surus
244 2917 341 2996 esset,
364 2913 580 2979 admovebant
597 2914 898 2998 comitabanturque
916 2918 949 2979 et
966 2919 1140 2982 venantem

131 3002 222 3066 etin
248 3001 380 3085 procliis
404 3002 567 3086 omnihus,
595 3002 717 3066 artibus
745 3002 926 3067 studiorum
953 3002 1139 3070 liberalium

95 3089 258 3154 oexculti.
307 3089 503 3172 Praecipuus
534 3090 640 3154 honor
670 3089 864 3173 habebatur,
900 3091 986 3175 quod
1017 3091 1139 3157 licebat

131 3177 317 3242 sedentibus
341 3179 426 3242 vesci
445 3199 518 3242 cum
541 3198 625 3262 rege.
662 3175 850 3262 Castigandi
871 3199 926 3243 eos
949 3178 1139 3259 verberibus

95 3266 249 3330 onullius
285 3268 430 3350 potestas
467 3268 594 3348 praeter
629 3265 736 3348 ipsum
768 3267 846 3330 erat.
899 3265 989 3331 Haec
1023 3268 1140 3334 cohors

129 3355 220 3419 velut
242 3351 449 3419 seminarium
470 3353 585 3418 ducum
607 3352 906 3437 praefectorumque
931 3354 1015 3437 apud
1034 3354 1140 3422 Mace·

131 3442 327 3507 donasfuit:
349 3441 426 3506 hinc
447 3441 588 3506 habuere
610 3442 733 3524 posteri
755 3461 861 3526 reges,
884 3462 1021 3524 quorum
1044 3445 1141 3528 stirpi

96 3534 206 3612 vpost
230 3531 351 3595 multas
375 3533 496 3596 aetates
523 3528 662 3594 Romani
689 3549 766 3612 opes
795 3529 989 3595 ademerunt.
1034 3530 1142 3618 Igitur
