2444 3908
101 109 144 172 84
471 108 503 176 Q.
524 107 632 164 CURTI
650 109 736 165 RUFI

50 273 84 322 34
102 253 147 317 Et
178 276 250 318 cum
277 255 421 317 vetustas
447 274 514 317 non
542 275 640 335 opera
667 255 771 319 solum
798 256 1018 341 manufacta,
1051 259 1110 324 sed

101 340 198 405 etiam
215 341 319 424 ipsam
337 343 486 404 naturam
504 342 660 423 paulatim
679 342 840 406 exedendo
858 344 1004 427 perimat,
1026 344 1109 410 haec

100 428 215 511 moles,
243 449 324 512 quae
351 431 402 492 tot
425 429 576 492 arborum
597 429 758 495 radicibus
781 431 938 512 premitur
959 433 1108 515 tantique
1150 470 1167 485 ·

99 515 240 580 nemoris
262 516 403 600 pondere
426 520 560 580 onerata
582 519 644 599 est,
673 516 830 581 inviolata
853 518 960 601 durat,
988 519 1108 602 quippe

99 621 147 668 xx
167 605 259 685 pedes
285 603 346 667 lati
359 603 508 687 'parietes
532 603 707 688 sustinent,
737 622 773 668 xr
794 606 911 687 pedum
935 605 1108 672 intervallo

100 691 273 777 distantes,
304 695 342 756 ut
372 691 485 775 procul
511 691 690 755 visentibus
719 692 819 756 silvae
846 693 1009 757 montibus
1038 695 1107 759 suis

48 799 81 849 35
100 778 255 843 inminere
274 779 452 843 videantur.
484 775 598 861 Syriae
614 799 723 862 regem
736 778 903 861 Babylone
916 785 1109 865 regnantem

99 867 161 933 boc
184 889 265 951 opus
289 889 359 932 esse
381 866 531 931 molitum
549 866 722 930 memoriae
739 868 904 949 proditum
918 873 975 952 est,
998 890 1108 934 amore

100 956 246 1040 coniugis
269 956 398 1038 victum,
422 976 502 1037 quae
526 953 684 1018 desiderio
702 976 870 1020 nemorum
889 956 1108 1040 silvarumque

99 1044 133 1107 in
168 1043 403 1125 campestribus
438 1041 519 1106 locis
556 1042 661 1105 virum
696 1043 842 1125 conpulit
877 1044 1108 1109 amoenitatem

99 1132 234 1195 naturae
258 1150 373 1214 genere
395 1128 490 1192 huius
514 1129 619 1211 operis
643 1129 774 1194 imitari.

48 1239 81 1288 36
126 1216 318 1289 Jnmcius
345 1217 379 1280 in
405 1216 466 1279 hac
492 1216 572 1279 urbe
596 1239 692 1300 quam
713 1238 850 1300 usquam
872 1219 1019 1289 constitit
1040 1220 1146 1304 rex,6

99 1326 159 1369 nec
187 1304 251 1367 alio
278 1304 350 1367 loco
374 1303 561 1386 disciplinae
583 1303 717 1367 militari
739 1304 844 1389 magis
866 1305 991 1370 nocuit:
1023 1307 1107 1371 nihil

99 1391 189 1456 urbis
213 1391 281 1455 eius
304 1391 486 1473 corruptius
509 1391 665 1474 moribus,
689 1391 770 1454 nihil
792 1392 833 1456 ad
855 1392 1035 1457 imitandas
1057 1395 1106 1458 in-

48 1501 80 1551 3⁷
100 1479 316 1561 liciendasque
338 1479 515 1543 inmodicas
534 1477 726 1560 cupiditates
744 1479 941 1544 instructius.
971 1480 1106 1546 Liberos

102 1568 315 1652 coniugesque
343 1588 415 1630 cum
441 1565 625 1648 hospitibus
653 1569 764 1649 stupro
789 1567 888 1649 coire,
916 1568 1012 1633 modo
1035 1591 1106 1652 pre-

99 1656 182 1719 tium
203 1655 319 1739 flagitii
336 1653 438 1737 detur,
461 1657 610 1737 parentes
628 1653 799 1738 maritique
816 1655 991 1737 patiuntur.
1024 1655 1106 1721 Ocn-

99 1744 219 1808 vivales
246 1743 314 1807 ludi
340 1746 412 1807 tota
433 1741 565 1806 Perside
591 1741 721 1826 regibus
748 1745 994 1828 purpuratisque
1017 1745 1106 1808 cordi

100 1834 184 1917 sunt,
205 1830 380 1915 Babylonii
402 1831 540 1894 maxime
562 1829 598 1893 in
619 1830 729 1894 vinum
753 1834 792 1914 et,
816 1853 897 1914 quae
917 1832 1106 1895 ebrietatem

48 1923 286 2005 assequuntur,
310 1919 402 1984 effusi
426 1922 509 1983 sunt.
542 1917 747 1982 Feminarum
765 1919 911 1982 convivia
928 1918 1107 1982 ineuntium

99 2007 134 2070 in
154 2008 313 2091 principio
335 2007 498 2072 modestus
522 2009 571 2068 cst
592 2005 737 2088 habitus,
767 2004 840 2068 dein
863 2027 989 2069 summa
1011 2027 1106 2088 quae-

100 2116 160 2176 que
189 2093 326 2158 amicula
353 2097 473 2157 exuunt
498 2093 719 2175 paulatimque
745 2092 900 2172 pudorem
922 2091 1105 2172 profanant,

101 2182 141 2244 ad
173 2181 323 2244 ultimum
355 2215 395 2224 -
428 2179 532 2242 honos
563 2177 694 2241 auribus
724 2177 856 2240 habitus
888 2178 931 2240 sit
966 2212 1008 2222 -
1040 2179 1105 2240 ima

100 2288 271 2349 corporum
297 2265 479 2330 velamenta
504 2263 673 2347 proiciunt.
722 2261 790 2327 Nec
816 2263 1020 2328 meretricum
1043 2264 1107 2329 hoc

100 2354 235 2419 dedecus
259 2355 318 2437 est,
340 2352 396 2416 sed
417 2354 638 2416 matronarum
659 2351 897 2436 virginumque,
920 2353 1004 2435 apud
1025 2350 1122 2436 quas

48 2464 81 2513 39
101 2443 236 2508 comitas
267 2442 404 2505 habetur
434 2439 560 2524 vulgati
591 2439 733 2522 corporis
760 2438 877 2503 vilitas.
912 2439 1002 2504 Inter
1027 2440 1107 2504 haec

100 2531 224 2616 flagitia
252 2530 408 2595 exercitus
434 2528 490 2592 ille
518 2527 657 2594 domitor
683 2524 782 2591 Asiae
809 2548 866 2611 per
892 2546 1013 2592 xxxrm
1040 2529 1106 2592 dies

102 2620 269 2702 saginatus
297 2618 337 2681 ad
365 2639 415 2700 ca,
445 2638 527 2700 quae
553 2615 781 2700 sequebantur,
812 2614 995 2680 discrimina
1019 2616 1108 2680 haud

102 2705 197 2770 dubie
221 2705 356 2769 debilior
377 2703 504 2767 futurus
527 2703 602 2786 fuit,
626 2704 653 2767 si
675 2702 802 2767 hostem
824 2703 999 2768 habuisset.

191 2790 340 2856 Ceterum
366 2813 429 2876 quo
453 2791 559 2854 minus
583 2791 733 2854 damnum
758 2792 904 2874 sentiret,
933 2791 1107 2855 identidem

49 2903 84 2951 40
102 2881 299 2944 incremento
335 2878 560 2942 renovabatur.
612 2876 758 2961 Namque
789 2876 947 2960 Amyntas
980 2880 1107 2943 Andro-

102 2967 188 3032 meni
216 2967 256 3031 ab
280 2965 457 3049 Antipatro
479 2964 691 3029 Macedonum
716 2964 860 3048 peditum
882 2984 919 3030 vr
938 2967 1028 3030 milia
1055 2967 1107 3030 ad-

49 3078 82 3126 41
103 3056 206 3136 duxit,
238 3073 262 3118 D
289 3057 456 3136 praeterea
478 3053 619 3117 eiusdem
646 3053 771 3136 generis
794 3054 931 3136 equites,
962 3054 1108 3118 cumbis

102 3161 148 3209 Dc
167 3144 310 3207 Thracas
334 3141 491 3205 adiunctis
514 3139 676 3222 peditibus
700 3161 776 3203 suae
799 3141 904 3223 gentis
926 3142 1107 3206 mmilibus

102 3251 127 3296 1)
149 3235 182 3295 ct
204 3252 242 3294 ex
264 3229 485 3312 Peloponneso
509 3227 746 3292 mercennarius
770 3227 862 3291 miles
887 3228 927 3291 ad
949 3248 1000 3293 ΠΗ
1018 3229 1108 3293 milia

51 3343 85 3389 42
106 3319 278 3384 advenerat
309 3339 380 3381 cum
409 3316 581 3401 nongentis
609 3316 775 3399 octoginta
801 3315 971 3399 equitibus.
1019 3317 1110 3380 Idem

105 3408 267 3491 Amyntas
299 3405 475 3470 adduxerat
504 3421 525 3467 L
552 3403 733 3487 principum
758 3401 964 3468 Macedoniae
989 3405 1109 3470 liberos

105 3496 233 3560 adultos
257 3493 298 3559 ad
320 3492 498 3558 custodiam
521 3491 678 3575 corporis:
702 3491 820 3576 quippe
841 3490 926 3554 inter
944 3492 1055 3575 epulas
1073 3493 1110 3558 hi
