2444 3908
81 92 86 102 Ι
161 139 203 202 66
533 137 564 203 Q.
584 137 692 191 cuum
711 136 798 191 RUFI

161 318 204 330 —
231 282 318 346 hirta
345 282 409 345 illis
437 303 494 345 ora
520 284 554 344 et
579 281 726 345 intonsas
754 301 862 344 comas
890 301 974 361 esse,
1004 283 1173 363 praeterea

161 369 310 432 eximiam
338 371 502 432 vastorum
528 368 783 452 magnitudinem
810 389 993 450 corporum:
1021 368 1113 432 vanis
1138 375 1173 433 et

160 456 310 520 inanibus
336 456 471 520 militem
494 457 597 540 magis
621 477 717 540 quam
739 455 833 518 iustis
855 456 1036 519 formidinis
1063 456 1171 520 causis

161 543 294 625 moveri,
324 580 366 590 -
396 544 509 608 deinde
538 546 663 606 tantam
692 542 929 606 multitudinem
958 541 1171 607 circumfundi

126 649 141 697 o
160 631 364 713 paucioribus
386 653 490 714 posse.
529 629 606 694 Non
628 631 663 694 in
686 629 814 694 Ciliciae
837 630 995 713 angustiis
1018 633 1051 694 et
1072 631 1172 696 inviis

161 719 309 802 callibus,
347 719 401 783 sed
442 719 477 781 in
512 713 624 800 aperta
659 720 691 781 et
726 718 794 781 lata
829 717 963 799 planitie
998 717 1171 783 dimicare'.

40 826 44 831 ·
127 805 280 872 70mnes
308 806 407 870 ferme
428 804 633 870 Parmenioni
657 804 931 869 adsentiebantur:
966 804 1171 891 Polypercon

160 895 246 958 haud
276 894 370 958 dubie
398 894 433 957 in
462 914 499 958 eo
529 893 661 957 consilio
684 893 823 976 positam
845 893 1012 957 victoriam
1035 893 1171 958 arbitra-

126 999 141 1047 8
160 982 264 1045 batur.
301 981 402 1057 Quem
423 981 553 1044 intuens
570 1002 635 1065 rex,
656 1002 795 1064 namque
808 979 1050 1044 Parmenionem
1065 1002 1171 1063 nuper

161 1069 278 1151 acrius,
310 1089 405 1151 quam
432 1068 540 1147 vellet,
569 1068 761 1151 increpitum
782 1090 892 1132 rursus
920 1069 1077 1152 castigare
1099 1089 1169 1133 non

160 1156 348 1238 sustinebat,
371 1154 670 1239 ‘Latrunculorum',
692 1155 808 1238 inquit,
833 1155 877 1218 ‘et
897 1154 1005 1219 furum
1022 1156 1087 1220 ista
1105 1157 1169 1221 sol·
1206 1168 1207 1171 ’

159 1243 253 1305 lertia
276 1246 332 1323 est,
356 1264 451 1326 quam
470 1243 652 1325 praecipitis
670 1243 758 1326 mihi,
780 1243 897 1326 quippe
913 1243 1042 1306 illorum
1055 1245 1169 1308 votum

126 1347 141 1395 9
160 1331 290 1394 unicum
313 1333 362 1392 est
383 1330 502 1394 fallere.
538 1329 630 1393 Meae
653 1351 729 1395 vero
752 1330 872 1414 gloriae
896 1350 1020 1412 semper
1038 1334 1094 1393 aut
1113 1332 1169 1396 ab·

161 1417 297 1480 sentiam
311 1415 407 1480 Darei
430 1420 486 1481 aut
508 1417 674 1502 angustias
692 1419 836 1483 locorum
853 1419 910 1481 aut
926 1417 1048 1481 furtum
1061 1419 1168 1484 noctis

161 1504 288 1568 obstare
317 1526 384 1568 non
413 1505 533 1587 patiar:
568 1505 677 1588 palam
702 1506 772 1569 luce
800 1505 931 1589 adgredi
958 1509 1079 1569 certum
1103 1510 1168 1570 est:

161 1593 246 1655 malo
268 1611 314 1656 me
338 1614 427 1656 meae
449 1593 597 1656 fortunae
619 1592 795 1676 paeniteat,
819 1614 915 1676 quam
937 1594 1087 1658 victoriae
1110 1615 1169 1675 pu-

110 1695 141 1744 10
161 1679 242 1744 deat.
287 1679 339 1743 Ad
370 1680 449 1744 haec
479 1681 558 1744 illud
590 1702 716 1765 quoque
748 1681 882 1745 accedit:
919 1681 1045 1765 vigilias
1073 1702 1169 1765 agere

160 1767 315 1832 barbaros
338 1768 427 1831 etin
450 1769 546 1832 armis
570 1772 667 1853 stare,
696 1771 795 1832 utne
818 1769 922 1852 decipi
945 1770 1072 1853 quidem
1095 1790 1170 1851 pos·

161 1855 239 1932 sint,
269 1859 457 1939 conpertum
484 1856 596 1921 habeo.
640 1856 753 1941 Itaque
781 1857 821 1921 ad
846 1858 1003 1941 proelium
1030 1878 1086 1921 vos
1113 1879 1170 1939 pa

159 1942 249 2007 rate'
295 1941 348 2007 Sic
369 1944 518 2008 incitatos
542 1945 582 2008 ad
605 1966 739 2029 corpora
762 1945 902 2009 curanda
923 1945 1052 2008 dimisit.

110 2047 140 2094 11
249 2029 373 2095 Dareus
400 2031 447 2112 id,
479 2032 563 2114 quod
589 2031 758 2096 Parmenio
785 2035 942 2111 suaserat,
967 2031 1094 2094 hostem
1121 2030 1218 2096 fa-48

160 2120 284 2180 oturum
307 2139 376 2180 esse
399 2118 582 2181 coniectans
605 2119 747 2181 frenatos
771 2138 868 2200 equos
892 2121 977 2180 stare
999 2137 1169 2199 magnam-

160 2225 220 2285 que
248 2204 404 2266 exercitus
431 2205 555 2285 partem
582 2205 617 2266 in
642 2205 739 2267 armis
762 2223 831 2267 esse
853 2223 890 2266 ao
912 2202 1038 2286 vigilias
1060 2205 1169 2269 inten-

159 2290 239 2353 tiore
276 2311 352 2354 cura
389 2291 509 2354 servari
539 2291 690 2353 iusserat:
726 2309 803 2373 ergo
834 2289 964 2374 ignibus
995 2293 1066 2355 tota
1097 2292 1169 2360 eius

109 2396 140 2442 12
160 2381 266 2441 castra
301 2378 478 2463 fulgebant.
528 2376 601 2461 lpse
638 2397 710 2441 cum
746 2377 878 2441 ducibus
914 2379 1168 2463 propinquisque

160 2466 291 2550 agmina
317 2467 352 2530 in
380 2467 477 2531 armis
505 2465 658 2530 stantium
686 2465 885 2549 circumibat,
918 2464 1024 2531 Solem
1052 2471 1084 2531 et
1106 2468 1168 2531 Mi-

158 2554 265 2618 threm
288 2575 476 2639 sacrumque
499 2557 531 2618 et
553 2557 718 2618 aeternum
735 2554 888 2619 invocans
906 2554 1025 2639 ignem,
1046 2559 1084 2645 ut
1101 2556 1167 2621 illis

160 2640 292 2724 dignam
314 2645 420 2706 vetere
443 2643 547 2726 gloria
568 2643 786 2726 maiorumque
806 2643 1021 2708 monumentis
1039 2643 1167 2722 fortitu-

107 2746 140 2793 13
161 2728 268 2791 dinem
290 2729 495 2811 inspirarent.
540 2728 596 2792 ‘Et
617 2730 774 2813 profecte,
801 2731 828 2795 si
855 2752 918 2813 qua
945 2731 1070 2795 divinae
1093 2732 1165 2814 opis

160 2816 295 2899 auguria
325 2815 468 2880 humana
498 2820 605 2881 mente
637 2818 763 2900 concipi
790 2821 937 2900 possent,
974 2819 1049 2882 deos
1080 2821 1166 2883 stare

160 2923 276 2967 secum.
312 2902 389 2967 Illos
411 2925 513 2987 nuper
529 2903 742 2969 Macedonum
765 2906 880 2969 animis
904 2906 1043 2970 subitam
1061 2907 1167 2971 incus-

161 2990 238 3055 sisse
261 2991 477 3055 formidinem:
501 2991 604 3056 adhuc
626 2992 809 3075 lymphatos
831 2993 908 3057 ferri
930 2994 1053 3078 agique,
1076 3016 1168 3059 arma

159 3079 330 3144 iacientes:
367 3082 514 3162 expetere
544 3080 706 3163 praesides
740 3078 910 3144 Persarum
941 3081 1067 3164 imperii
1097 3083 1169 3147 deos

160 3166 284 3231 debitas
311 3188 329 3231 e
356 3168 544 3231 vecordibus
571 3189 701 3249 poenas.
749 3165 817 3231 Neo
844 3168 950 3251 ipsum
977 3168 1089 3231 ducem
1117 3189 1168 3233 sa·

107 3277 140 3324 14
158 3254 283 3319 niorem
302 3276 384 3321 esse:
408 3256 525 3339 quippe
543 3255 607 3319 ritu
622 3255 763 3321 ferarum
776 3255 927 3338 praedam
941 3254 1045 3338 modo,
1068 3275 1167 3337 quam

159 3346 330 3428 expeteret,
351 3344 530 3408 intuentem
551 3343 588 3407 in
608 3343 791 3428 perniciem,
812 3364 893 3426 quae
916 3345 991 3406 ante
1011 3343 1167 3426 praedam

158 3432 265 3516 posita
288 3436 384 3517 esset,
405 3429 589 3497 insumere?

248 3519 367 3586 Similis
396 3521 480 3606 apud
502 3519 694 3586 Macedones
722 3540 848 3606 quoque
876 3519 1056 3585 sollicitudo
1080 3523 1165 3586 crat:
