2444 3908
264 148 520 206 Hlsromnauu
537 148 755 204 Anaxaruuu
772 147 846 218 vlu,
867 155 908 207 re.
928 155 970 206 14.
1055 148 1119 213 221

524 343 603 409 Car.
626 343 713 411 XIV.

63 469 102 534 47
164 548 168 555 ⁴
200 467 333 552 Iamque
361 488 477 552 agmen
503 468 538 532 in
564 490 684 532 cornua
713 467 850 533 divisum
879 469 949 552 ipse
975 469 1151 552 ducebat,1

113 577 186 622 eum
203 554 289 620 Poro
311 557 480 620 nuntiatur
508 556 606 620 armis
635 556 774 639 virisque
797 557 902 639 ripam
926 557 1065 621 obtineri
1088 562 1121 620 et

112 665 219 734 rerum
253 643 364 707 adesse
397 644 577 708 discrimen.
625 643 675 708 Ac
705 645 810 727 primo
838 644 971 708 humani
997 645 1121 727 ingenii

112 732 195 798 vitio
220 731 289 814 spei
312 752 388 796 suae
411 731 582 815 indulgens
602 730 761 795 Abisaren
784 732 864 796 belli
883 733 1006 795 socium
1029 736 1121 796 -et

112 822 161 885 ita
184 824 434 884 convenerat-
456 819 628 884 adventare
651 819 810 884 eradebat.
855 817 932 884 Mox
950 819 1119 903 liquidiore
1138 828 1154 875 2

113 909 185 973 luce
205 907 367 990 aperiente
386 907 487 971 aciem
504 906 648 972 hostium
668 925 688 972 c
706 906 879 990 quadrigas
903 911 937 971 et
954 925 1006 971 1111
1029 907 1121 971 milia

114 996 260 1079 equitum
282 995 425 1058 venienti·
445 995 570 1077 agmini
588 995 714 1059 obiecit.
758 993 924 1058 Duxerat
946 996 1120 1078 copiarum,

115 1105 194 1168 quas
213 1083 390 1167 praemisit,
411 1082 531 1166 Hages,
552 1082 655 1147 frater
671 1083 784 1166 ipsius,
806 1104 933 1147 summa
949 1083 1068 1148 virium
1086 1083 1120 1146 in

114 1172 269 1236 curribus.
302 1168 403 1235 Senos
420 1170 507 1235 viros
530 1170 650 1255 singuli
668 1170 838 1250 vehebant,
857 1171 936 1235 duos
956 1171 1121 1254 clipeatos,
1140 1179 1156 1226 3

116 1259 196 1322 duos
221 1257 417 1342 sagittarios,
440 1259 480 1322 ab
503 1262 639 1342 utroque
656 1259 759 1323 latere
777 1259 967 1342 dispositos:
990 1260 1122 1342 aurigae

115 1349 208 1410 erant
234 1347 346 1425 ceteri,
371 1345 471 1410 haud
486 1367 563 1410 sane
589 1347 741 1430 inermes,
769 1347 886 1431 quippe
913 1348 1020 1411 iacula
1047 1368 1121 1411 con-

113 1435 222 1517 plura,
244 1435 301 1498 ubi
319 1434 497 1499 comminus
521 1434 744 1516 proeliandum
766 1440 849 1518 erat,
873 1436 1002 1500 omissis
1025 1434 1121 1498 habe·

113 1522 165 1586 nis
196 1522 231 1587 in
261 1521 390 1587 hostem
421 1522 620 1606 ingerebant.
670 1521 820 1587 Ceterum
850 1524 905 1588 vix
931 1524 1016 1587 ullus
1044 1544 1121 1586 usus

113 1610 210 1674 huius
239 1610 349 1675 auxilii
372 1631 409 1673 eo
437 1610 488 1673 die
509 1609 580 1673 fuit.
624 1607 787 1693 Namque,
816 1614 853 1674 ut
875 1632 971 1694 supra
999 1610 1157 1674 dictum4

115 1702 178 1775 est,
204 1698 308 1761 imber
330 1697 502 1761 violentius
526 1719 624 1781 quam
648 1697 729 1761 alias
753 1698 844 1761 fusus
868 1719 998 1780 campos
1021 1697 1121 1762 lubri-

115 1808 170 1851 cos
194 1789 227 1848 et
243 1784 471 1868 inequitabiles
494 1784 614 1848 fecerat
636 1804 814 1867 gravesque
836 1789 869 1849 et
890 1786 1122 1868 propemodum

114 1873 289 1937 inmobiles
322 1893 432 1936 currus
468 1872 588 1935 inluvie
620 1893 658 1935 ac
691 1872 900 1956 voraginibus
936 1872 1122 1936 haerebant.

116 1959 238 2025 Contra
259 1958 441 2023 Alexander
463 1959 612 2042 expedito
636 1981 674 2023 ac
695 1960 758 2024 levi
781 1961 910 2041 agmine
929 1963 1057 2024 strenue
1075 1961 1157 2023 in-rr

115 2053 226 2113 vectus
250 2053 308 2112 est.
348 2045 489 2130 Scythae
513 2050 546 2110 et
563 2045 674 2110 Dahae
697 2048 794 2130 primi
817 2048 960 2111 omnium
977 2048 1122 2112 invasere

115 2136 226 2220 Indos,
256 2135 441 2200 Perdiccam
469 2134 583 2198 deinde
611 2156 683 2199 eum
715 2135 876 2220 equitibus
907 2136 942 2200 in
974 2136 1122 2200 dextrum

116 2246 214 2290 cornu
232 2225 376 2290 hostium
394 2223 510 2287 emisit.
546 2222 617 2287 Iam
634 2224 773 2308 undique
791 2244 900 2308 pugna
919 2245 952 2288 se
970 2228 1122 2308 moverat,
1142 2233 1157 2280 6

117 2334 189 2378 eum
216 2313 255 2394 ii,
282 2313 474 2396 qui‘eurrus
500 2313 653 2396 agebant,
680 2311 760 2375 illud
787 2311 938 2375 ultimum
967 2313 1122 2376 auxilium

116 2421 248 2465 suorum
266 2400 330 2464 rati
350 2400 457 2464 effusis
475 2400 610 2463 habenis
628 2401 663 2462 in
681 2399 823 2463 medium
843 2399 1013 2462 discrimen
1031 2421 1122 2462 ruere

117 2491 299 2571 coeperunt.
347 2488 473 2567 Anceps
496 2486 529 2549 id
553 2487 673 2550 malum
695 2487 840 2568 utrisque
861 2489 938 2548 erat.
982 2485 1067 2548 Nam
1090 2488 1157 2549 etr

115 2574 328 2641 Macedonum
350 2574 474 2655 pedites
498 2574 602 2655 primo
625 2573 748 2654 impetu
768 2572 997 2636 obterebantur
1016 2576 1048 2634 et
1066 2594 1123 2655 per

117 2662 244 2728 lubrica
267 2666 363 2742 atque
385 2661 475 2724 invia
496 2659 624 2723 inmissi
647 2680 760 2723 currus
785 2659 991 2722 excutiebant
1013 2680 1080 2741 eos,
1104 2681 1123 2723 a

118 2752 235 2834 quibus
254 2751 463 2832 regebantur:
487 2747 625 2811 aliorum
647 2746 770 2810 turbati
793 2747 866 2829 equi
889 2747 1008 2810 nonin
1031 2769 1122 2810 vora·
1142 2757 1157 2804 8

118 2840 211 2923 gines
234 2838 330 2902 modo
352 2837 560 2917 lacunasque,
588 2833 643 2898 sed
670 2835 767 2897 etiam
795 2834 828 2896 in
852 2856 978 2898 amnem
1001 2835 1122 2917 praeci-

117 2927 263 3008 pitavere
286 2923 451 2988 curricula.
497 2922 596 2986 Pauci
622 2921 697 2986 telis
724 2921 868 2985 hostium
896 2924 1000 2986 exacti
1029 2932 1157 3006 pene-9

64 3012 245 3078 48travere
269 3012 310 3075 ad
332 3010 453 3075 Porum
482 3010 633 3074 acerrime
661 3031 804 3093 pugnam
827 3009 972 3074 cientem.
1015 3011 1060 3092 Ia,
1089 3016 1124 3075 ut

117 3100 293 3183 dissipatos
317 3102 386 3163 tota
405 3099 471 3162 acie
490 3120 600 3162 currus
618 3099 731 3180 vagari
750 3099 818 3160 sine
838 3100 1014 3161 rectoribus
1034 3099 1123 3182 vidit,

118 3188 274 3273 proximis
308 3187 484 3251 amicorum
516 3186 682 3249 distribuit
714 3185 910 3267 elephantos.
961 3186 1041 3250 Post
1068 3210 1122 3251 eos
1144 3199 1175 3244 lo

118 3281 272 3359 posuerat
302 3275 441 3359 peditem
475 3295 511 3338 ae
544 3274 731 3356 sagittarios
759 3279 788 3336 et
813 3279 965 3356 tympana
996 3276 1123 3355 pulsare

119 3364 246 3428 solitos:
268 3364 301 3427 id
318 3385 376 3447 pro
396 3366 493 3427 cautu
510 3362 661 3424 tubarum
680 3360 766 3424 Indis
786 3365 864 3425 erat.
899 3362 930 3425 N
933 3384 967 3424 ec
987 3363 1124 3442 strepitu

119 3473 229 3515 eorum
261 3452 487 3530 movebantur,
519 3450 597 3513 olim
629 3450 669 3512 ad
701 3453 813 3512 notum
847 3471 960 3512 sonum
993 3450 1124 3515 auribus
1167 3474 1170 3479 ·

118 3538 289 3622 mitigatis.
328 3538 476 3603 Herculis
503 3538 710 3601 simulacrum
734 3538 856 3618 agmini
874 3537 1016 3619 peditum
1034 3454 1197 3677 prae-d
