2444 3908
131 119 193 184 182
500 119 531 186 Q.
551 118 660 174 CURTI
679 117 765 173 RUFI

78 277 111 326 ιι
130 285 189 329 nos
209 287 229 329 a
249 263 341 333 uobis
360 266 556 329 convertam.
595 262 779 326 Praemium
799 261 861 328 erit
878 261 921 347 ei,
940 262 1000 348 qui
1018 263 1154 348 primus

131 350 336 434 occupaverit
362 351 529 434 verticem,
562 350 688 414 talenta
709 368 747 434 x,
774 371 837 415 uno
861 349 971 415 minus
996 351 1154 436 accipiet,

131 440 187 523 qui
209 439 370 522 proximus
394 439 423 504 ei
445 439 578 522 venerit,
601 437 775 521 eademque
798 436 839 502 ed
860 436 971 503 decern
994 438 1152 506 homines

132 528 313 592 servabitur
335 527 453 612 portio.
498 525 630 592 Certum
649 530 757 590 autem
777 525 882 591 habeo
900 546 960 591 vos
983 547 1056 592 non
1078 532 1151 593 tam

79 629 112 678 13
131 614 274 717 liberalit
259 619 361 680 tatem
388 615 438 681 int
438 615 508 680 ueri
535 636 653 698 meam,
685 634 782 698 quam
808 613 1032 680 voluntatem?
1088 614 1191 682 Hislt

132 702 249 768 animis
266 724 377 788 regem
397 703 575 787 audierunt,
596 702 665 766 ιιι
655 723 720 766 1am
739 700 864 785 cepisse
881 702 1039 767 uerticem
1060 704 1150 769 vide·

131 795 255 857 rentur:
278 792 464 876 dimissique
486 751 607 855 ferrebs
626 810 753 872 cuneos,
775 811 856 875 quos
878 789 962 855 inter
985 811 1073 856 saxa
1094 792 1150 857 de·

80 893 114 942 14
132 881 282 965 figerent,
300 880 487 982 validosque
506 879 597 944 funes
615 877 785 964 parabant.
820 875 890 941 Rex
907 877 1149 946 circumvectus

132 972 268 1053 petram,
291 990 355 1051 qua
377 968 510 1032 minime
533 988 627 1050 asper
650 987 687 1031 ac
708 968 902 1050 praeruptus
924 965 1035 1031 editus
1057 967 1148 1033 vide·

132 1057 190 1121 bat
176 1061 242 1140 tur,
275 1056 412 1120 secunda
439 1056 565 1139 vigilia,
597 1054 683 1139 quod
714 1053 796 1118 bene
827 1055 982 1137 uerteret,
1014 1054 1147 1138 ingredi

133 1145 233 1208 iubet.
268 1142 324 1207 Illi
343 1143 538 1208 alimentis
528 1165 564 1208 ιιι
585 1143 718 1207 biduum
741 1141 880 1225 sumptis
902 1103 1023 1226 gladiis
1046 1144 1146 1209 modo

80 1247 114 1294 ιι
134 1234 230 1315 atque
251 1230 357 1295 hastis
376 1231 492 1295 armati
515 1231 623 1295 subire
642 1233 826 1313 coeperunt.
861 1227 911 1294 Ac
928 1230 1036 1313 primo
1056 1232 1147 1315 pedi·

133 1319 194 1383 bus
221 1317 360 1402 ingressi
383 1322 469 1383 sunt:
498 1318 611 1383 deinde
633 1322 671 1382 ut
696 1318 731 1382 in
753 1320 927 1402 praerupta
948 1323 1147 1401 peruentum

133 1409 197 1490 est,
228 1406 285 1470 alii
315 1406 464 1471 manibus
497 1407 672 1472 eminentia
704 1427 782 1471 saxa
814 1405 961 1489 conplexi
993 1406 1146 1474 levavere

133 1497 248 1577 semet,
281 1493 338 1558 alii
366 1493 498 1560 adiectis
525 1494 650 1559 funium
677 1493 800 1578 laqueis
828 1515 970 1573 evasere,
1000 1496 1146 1580 quidam,

134 1603 205 1647 cum
236 1603 351 1647 cuneos
380 1584 465 1647 inter
488 1605 565 1648 saxa
589 1581 766 1666 defigerent
786 1587 823 1646 ut
843 1581 975 1666 gradus,
1006 1582 1145 1650 subinde

134 1670 206 1755 quis
229 1670 424 1736 insisterent.
470 1671 566 1736 Diem
583 1669 669 1736 inter
691 1673 813 1734 metum
835 1669 1046 1754 laboremque
1071 1693 1145 1738 con·

81 1763 349 1844 1osumpserunt.
397 1760 460 1824 Per
491 1781 605 1844 aspera
636 1759 716 1823 nisis
748 1758 880 1822 duriora
909 1759 1083 1824 restabant
1114 1764 1146 1825 et

134 1870 276 1913 crescere
304 1849 441 1913 altitudo
468 1853 580 1932 petrae
603 1848 780 1912 uidebatur.
824 1845 887 1910 Illa
908 1867 985 1910 vero
1009 1848 1144 1913 misera·

133 1937 211 2001 bilis
229 1939 299 2001 erat
316 1936 428 2021 facies,
451 1959 524 2002 cum
541 1937 578 2020 ii,
601 1957 681 2020 quos
698 1933 862 1998 instabilis
880 1933 1001 2016 gradus
1020 1934 1144 2000 fefelle-

134 2029 199 2107 rat,
230 2048 269 2089 ex
299 2026 469 2108 praecipiti
500 2024 758 2090 devolverenturr
794 2043 869 2086 mox
902 2021 1016 2086 eadem
1044 2024 1084 2089 in
1111 2045 1144 2089 se

82 2126 114 2173 ιι
134 2112 287 2195 patienda
310 2112 408 2176 alieni
430 2134 522 2177 casus
546 2112 736 2176 ostendebat
759 2110 947 2194 exemplum.
991 2110 1056 2176 Per
1084 2111 1144 2179 hus

133 2203 244 2263 tamen
266 2199 473 2264 difficultates
498 2199 664 2264 enituntur
685 2199 721 2263 in
741 2198 897 2263 uerticem
918 2199 1055 2284 montis,
1080 2221 1146 2266 om·

134 2307 192 2350 nes
210 2287 402 2370 fatigatione
422 2286 600 2351 continuati
619 2286 740 2351 laboris
760 2286 888 2370 adfecti,
910 2284 1043 2369 quidam
1061 2289 1146 2354 mul·

136 2374 199 2439 cati
221 2378 315 2459 parte
337 2375 568 2460 membrorum,
590 2374 772 2458 pariterque
795 2396 850 2439 eos
873 2377 906 2438 et
923 2395 987 2438 nox
1007 2378 1042 2439 et
1060 2398 1146 2443 som·

82 2475 116 2526 18
134 2485 195 2529 nus
224 2465 393 2549 oppressit.
438 2461 556 2529 Stratis
578 2463 701 2547 passim
722 2463 909 2545 corporibus
931 2462 966 2526 iu
987 2461 1089 2528 inuiis
1113 2468 1147 2529 et

135 2554 258 2638 asperis
278 2576 428 2619 saxorum
446 2552 581 2637 periculi
597 2551 750 2616 instantis
765 2550 860 2616 obliti
878 2551 913 2615 in
929 2549 1037 2614 lucem
1055 2552 1146 2637 quie·

134 2646 262 2706 rerunt:
284 2642 489 2726 tandemque,
512 2641 603 2707 velut
625 2661 664 2705 ex
688 2639 755 2705 alto
777 2660 894 2723 sopore
915 2638 1064 2725 excitati,
1094 2661 1146 2707 oc·

135 2729 238 2794 cultas
271 2729 493 2813 subiectasque
519 2729 601 2812 ipsis
627 2728 729 2793 ualles
755 2728 923 2814 rimantes,
954 2728 1077 2813 ignari,
1111 2730 1148 2796 in

136 2838 200 2899 qua
233 2826 327 2900 parte
358 2820 468 2901 petrae
499 2819 592 2882 tanta
627 2816 676 2880 vis
712 2815 855 2882 hostium
885 2817 1016 2882 condita
1049 2823 1148 2903 esset,

83 2917 117 2965 19
135 2903 259 2968 fumum
283 2924 379 2987 specu
395 2903 482 2969 infra
505 2925 539 2969 se
557 2905 646 2987 ipsos
665 2905 906 2971 evolutumt
848 2927 890 2970 no
891 2909 1052 2972 taverunt
1093 2906 1148 2973 Ex

136 3013 198 3076 quo
222 2993 433 3078 intellectum,
455 2993 548 3057 illam
571 2993 712 3059 hostium
735 2994 782 3059 lat
768 2994 893 3058 tebram
912 3014 991 3059 esse
1026 2993 1149 3082 Itaque

134 3081 266 3145 hastis'
256 3103 435 3165 inposuere,
454 3081 539 3184 quod
557 3085 756 3165 conuenerat,
775 3082 912 3167 signum.
953 3080 1106 3170 Totoque
1130 3107 1149 3151 e

82 3182 117 3232 ιο
135 3190 267 3234 numero
287 3188 312 3233 11
327 3173 359 3233 et
371 3188 445 3234 xxx
463 3171 498 3234 in
516 3191 648 3235 ascensu
663 3170 812 3235 interisse
830 3170 1041 3257 adgnoscunt
1073 3170 1191 3241 Rexes

135 3279 201 3324 non
228 3258 374 3342 cupidine
402 3259 506 3342 magis
528 3257 677 3341 potiundi
699 3258 775 3343 loci,
802 3280 898 3360 quam
924 3259 994 3325 vica
1021 3281 1149 3347 eorum,

136 3369 217 3433 quos
241 3347 281 3411 ad
299 3350 367 3411 tam
385 3345 593 3410 manifestum
611 3346 788 3448 periculum
811 3347 945 3412 miserat
948 3312 1149 3432 ‚sollieitud

137 3440 206 3502 toto
230 3435 280 3501 die
303 3435 470 3500 cacumina
492 3434 645 3499 montis
635 3439 763 3499 intuens
786 3456 836 3500 res
837 3436 914 3500 titit
948 3397 1088 3503 Noctu
1094 3440 1150 3507 de·

135 3546 237 3610 mum,
261 3547 332 3590 cum
351 3529 531 3590 obscuritas
550 3527 756 3607 conspectum
775 3523 941 3589 oculorum
959 3524 1151 3617 ademisset,
