2444 3908
191 151 234 217 52
563 151 594 218 Q.
614 153 724 208 CURTI
740 153 829 208 RUFI

189 294 271 381 lippi
298 300 407 361 autem
430 318 541 361 omnes
564 298 661 362 luisse
685 298 855 382 supplicia:
892 298 1020 383 adiecit,
1046 298 1215 365 invictum

189 384 272 468 fore,
295 385 396 449 donec
419 385 583 450 excederet
606 385 646 449 ad
669 386 754 451 deos.
794 385 955 451 Sacrificio
979 387 1095 451 deinde
1118 387 1213 454 facto

190 473 274 536 dona
296 476 330 537 et
352 473 571 538 sacerdotibus
604 478 637 537 et
664 474 723 538 deo
750 474 827 538 data
849 479 926 539 sunt
946 475 1213 561 permissumque

190 560 314 645 amicis,
344 563 381 624 ut
402 561 465 644 ipsi
487 583 614 645 quoquc
636 562 837 626 consulerent
858 561 977 627 levem.
1020 560 1115 627 Nihil
1141 586 1212 629 am·

189 648 273 731 plius
297 649 504 732 quaesierunt
526 670 639 733 quam,
670 671 711 713 an
743 653 855 715 auctor
887 653 972 714 esset
997 650 1061 714 sibi
1085 651 1212 718 divinis

136 755 170 805 29
189 736 366 802 honoribus
389 737 513 801 colendi
537 759 629 801 suum
651 758 770 822 regem.
798 736 870 801 Hoc
889 759 1014 821 quoque
1033 742 1210 822 acceptum

190 824 259 888 fore
287 824 357 889 lori
383 828 473 889 vates
495 824 700 908 respondent.
744 824 831 890 Vera
854 829 887 889 et
909 826 1032 890 salubri
1052 827 1210 893 aestima-

189 912 277 976 tione
304 914 452 995 pensanti
484 912 580 977 fidem
612 914 733 977 oraculi·
762 934 848 977 rana
873 913 1017 996 profecto
1044 932 1211 998 responsa

190 1001 219 1064 11
242 1000 342 1065 videri
362 1001 559 1083 potuissent:
583 1001 637 1065 sed
656 1002 798 1085 fortuna,
819 1022 899 1084 quos
917 1001 975 1065 uni
992 1000 1054 1065 sibi
1073 1003 1211 1091 credere

190 1089 306 1172 co'e'git,
340 1108 459 1171 magna
491 1109 529 1151 ex
560 1093 651 1171 parte
683 1089 793 1153 aridos
824 1090 945 1173 gloriae
972 1089 1078 1173 magis
1106 1111 1210 1174 quam

137 1194 171 1244 30
191 1195 323 1256 capaces
355 1174 442 1238 facit.
490 1174 577 1239 lovis
608 1177 708 1261 igitur
734 1177 835 1240 filium
863 1198 896 1241 se
922 1197 989 1241 non
1012 1177 1120 1241 solum
1151 1180 1219 1263 ap'

189 1261 302 1344 pellari
324 1283 439 1345 passus
462 1266 521 1347 est,
544 1263 599 1327 sed
623 1265 720 1328 etiam
737 1265 831 1329 iussit
849 1285 1017 1347 rerumque
1036 1268 1211 1349 gestarum

190 1349 322 1432 famam,
354 1349 430 1413 dum
462 1371 578 1435 augere
608 1353 678 1424 vult
704 1353 762 1416 tali
790 1352 1018 1436 appellatione,
1048 1356 1211 1440 corrupit

4 1412 20 1541 J}
136 1457 169 1506 31
189 1436 234 1500 Et
255 1435 462 1521 Macedones,
494 1439 619 1503 adsueti
646 1440 773 1523 quidem
795 1441 885 1525 regio
907 1440 1055 1525 imperi0,
1088 1443 1152 1507 sed
1174 1445 1210 1509 in

191 1525 310 1589 maiore
335 1525 493 1590 libertatis
515 1527 630 1590 umbra
653 1550 749 1611 quam
771 1531 894 1593 ceterae
918 1531 1045 1613 gentes,
1070 1529 1209 1597 immor·

189 1613 350 1677 talitatem
372 1613 586 1678 adfectantem
607 1615 835 1699 contumacius,
857 1637 955 1698 quam
977 1618 1033 1679 aut
1050 1616 1134 1699 ipsis
1155 1641 1209 1684 ex·

12 1710 16 1733 ¹
137 1701 339 1785 impediebat
362 1705 418 1765 aut
439 1703 521 1786 regi,
544 1703 682 1766 aversati
705 1705 789 1766 sunt.
835 1700 897 1767 Sed
919 1704 999 1768 haec
1022 1725 1082 1768 suo
1106 1727 1209 1789 quae

3 1792 9 1811 ··
109 1820 113 1826 ·
190 1810 251 1872 que
273 1791 412 1873 tempori
433 1793 650 1895 reserventur:
672 1812 759 1855 nunc
782 1794 887 1855 cetera
910 1791 1023 1875 exequi
1044 1813 1197 1878 pergam

559 2020 561 2025 s
604 1947 683 2014 011.
704 1947 793 2013 VIII.

156 2073 170 2122 1
277 2054 459 2118 Alexander
486 2055 526 2118 ab
549 2053 730 2117 Hammone
752 2055 878 2118 rediens
901 2054 942 2118 ad
963 2054 1128 2120 Mareotin
1150 2079 1210 2140 pa

67 2140 85 2155 ⁶
155 2133 158 2137 ’
189 2140 297 2205 ladem
330 2141 416 2204 haud
444 2143 556 2223 procul
583 2142 689 2205 insula
714 2140 820 2205 Pharo
849 2142 944 2205 sitam
970 2143 1067 2206 venit.
1120 2142 1210 2211 (lon-

190 2228 365 2309 templatus
381 2228 444 2292 loci
463 2231 613 2291 naturam
631 2229 770 2311 primum
786 2228 822 2291 in
837 2229 909 2312 ipsa
922 2230 1029 2294 insula
1042 2233 1212 2300 statuerat

190 2315 303 2378 urbem
325 2336 443 2380 novam
465 2315 610 2399 condere,
632 2315 705 2378 inde
728 2319 765 2379 ut
786 2316 935 2400 adparuit
956 2318 1096 2402 magnae
1118 2323 1210 2388 sedis

190 2403 329 2467 insulam
360 2403 447 2468 haud
478 2424 627 2487 capacem
656 2424 740 2486 esse,
772 2405 869 2488 elegit
894 2405 968 2469 urbi
994 2406 1117 2493 locum,
1147 2411 1210 2476 ubi

191 2513 277 2556 nunc
300 2495 350 2556 cst
363 2491 573 2576 Alexandrea,
595 2490 844 2576 appellationem
861 2492 993 2557 trahens
1012 2515 1051 2557 ex
1067 2498 1211 2565 nomine

156 2580 341 2647 cauctoris.
387 2579 582 2665 Conplexus,
610 2579 763 2664 quidquid
790 2581 850 2644 soli
873 2584 922 2645 est
944 2581 1027 2645 inter
1048 2583 1209 2665 paludem

192 2689 229 2732 ac
250 2689 349 2752 mare,
371 2669 538 2753 octoginta
561 2669 737 2733 stadiorum
759 2669 858 2733 muris
881 2668 1036 2732 ambitum
1060 2669 1211 2740 destinat

192 2759 238 2837 et,
268 2755 324 2838 qui
351 2756 603 2820 exaedificandae
630 2756 702 2820 urbi
728 2760 927 2840 praeessent,
956 2757 1077 2821 relictis
1100 2757 1209 2828 Mem·

156 2842 281 2925 ophim
302 2843 393 2925 petit.
428 2841 552 2926 Oupido
573 2843 660 2907 haud
682 2844 803 2907 iniusta
825 2844 966 2928 quidem,
988 2848 1133 2911 ceterum
1155 2851 1210 2916 in·

191 2930 383 3013 tempestiva
417 2931 603 3015 incesserat,
638 2952 705 2994 non
735 2931 888 2996 interiora
923 2931 1018 2996 modo
1049 2933 1211 3025 Aegypti,

193 3018 248 3082 sed
276 3018 373 3082 etiam
395 3018 602 3103 Aethiopiam
624 3018 774 3083 invisere:
799 3019 981 3084 Memnonis
1003 3019 1210 3110 Tithonique

197 3106 357 3171 celebrata
387 3106 477 3190 regia
508 3106 750 3192 cognoscendae
779 3109 948 3172 vetustatis
977 3108 1107 3174 aridum
1137 3116 1209 3180 tra-

156 3194 291 3260 ehebat
314 3215 416 3276 paene
440 3197 529 3259 extra
550 3196 705 3259 terminos
727 3195 811 3259 solis.
857 3193 919 3260 Sed
941 3196 1114 3263 imminens
1137 3201 1209 3268 bel·

191 3282 272 3365 lum,
296 3282 385 3346 cuius
408 3282 510 3347 multo
532 3283 636 3347 maior
656 3286 820 3367 supererat
837 3285 946 3367 moles,
969 3285 1092 3349 otiosae
1109 3309 1209 3371 pero·

192 3370 369 3455 grinationi
385 3373 532 3454 tempora
550 3375 719 3435 exemerat.
749 3371 862 3455 Itaque
875 3372 1025 3457 Aegypto
1043 3376 1210 3455 praefecit

191 3458 386 3542 Aeschylum
415 3458 577 3523 Rhodium
606 3462 639 3522 et
665 3459 841 3524 Peucesten
867 3460 1077 3525 Macedonem
1106 3470 1210 3548 quat-

191 3550 265 3611 tuor
282 3548 412 3613 milibus
429 3547 569 3611 militum
586 3546 621 3610 in
638 3547 833 3631 praesidium
850 3548 992 3633 regionis
1009 3548 1080 3614 eius
1097 3550 1208 3623 datisr
