2444 3908
306 141 558 197 HISTORIARUM
575 140 791 195 ALEXANDRI
808 142 859 209 IV,
878 147 903 194 4.
924 148 948 196 5.
1087 140 1130 203 43

125 291 210 370 erat,
239 291 333 370 capta
356 290 417 370 est,
449 287 524 350 urbs
552 290 585 348 et
614 288 774 349 vetustate
803 286 937 369 originis
960 289 992 349 et
1020 285 1130 349 crebra
1206 275 1215 285 ⁸

124 376 273 439 fortunae
300 376 454 440 varietate
482 374 522 437 ad
550 373 736 437 memoriam
762 374 960 457 posteritatis
983 373 1129 457 insignis

126 461 263 527 Condita
286 463 327 526 ab
341 461 490 546 Agenore
510 461 564 525 diu
584 481 681 543 mare,
703 482 770 525 non
788 461 928 524 vicinum
946 462 1052 545 modo,
1075 461 1129 524 sed

125 550 346 633 quodcumque
369 551 487 614 classes
510 550 577 612 eius
601 548 761 632 adierunt,
788 548 922 613 dicionis
946 571 1022 612 suae
1044 549 1130 612 fecit.

123 637 178 722 Et,
200 639 228 701 si
245 638 351 701 famae
369 638 448 701 libet
465 637 602 724 credere,
623 637 702 700 haec
718 657 797 720 gens
811 636 934 700 litteras
953 637 1056 719 prima
1075 640 1132 700 aut

124 727 234 790 docuit
260 728 318 789 aut
348 725 465 789 didicit.
520 723 672 790 Coloniae
704 727 789 788 certe
821 724 889 787 eius
920 746 1021 807 paene
1054 725 1130 789 orbe

124 816 195 877 toto
227 813 359 877 diffusae
392 817 482 877 sunt:
520 811 682 896 Carthago
714 812 750 875 in
775 811 899 895 Africa,
930 812 965 874 in
996 810 1131 876 Boeotia

124 898 263 985 Thebae,
286 899 392 965 Gades
415 900 455 964 ad
474 900 645 964 Oceanum.
682 897 784 963 Credo
804 899 905 963 libero
925 903 1131 964 conmeantes
1149 921 1183 970 20

124 990 206 1052 mari
229 989 418 1072 saepiusque
441 989 586 1053 adeundo
609 987 722 1052 ceteris
744 987 926 1070 incognitas
948 991 1050 1051 terras
1069 990 1130 1051 ele-

126 1078 210 1160 gisse
233 1077 323 1141 sedes
345 1076 514 1160 iuventuti,
540 1098 603 1160 qua
624 1079 702 1139 tunc
725 1074 942 1158 abundabant,
966 1076 1032 1139 sive
1056 1077 1132 1160 quia

125 1164 244 1227 crebris
267 1164 407 1228 motibus
430 1171 534 1227 terrae
549 1200 590 1209 —
604 1185 680 1227 nam
702 1162 764 1227 hcc
786 1183 913 1246 quoque
939 1162 1129 1226 traditur—

125 1253 263 1315 cultores
290 1252 357 1315 eius
384 1251 514 1336 fatigati
535 1273 621 1316 nova
643 1255 675 1315 et
697 1253 829 1315 externa
851 1250 1011 1314 domicilia
1034 1251 1130 1314 armis

126 1338 254 1402 sibimet
276 1360 425 1422 quaerere
448 1339 652 1423 cogebantur.
693 1337 804 1402 Multis
827 1357 904 1420 ergo
927 1337 1054 1402 casibus
1077 1338 1129 1401 de·
1149 1360 1180 1407 21

125 1426 236 1490 functa
268 1430 300 1490 et
330 1430 405 1509 post
437 1427 593 1490 excidium
622 1429 736 1491 renata
763 1445 849 1488 nunc
875 1424 1006 1488 tandem
1033 1426 1132 1510 longa

124 1535 204 1596 pace
228 1517 343 1578 cuncta
364 1515 529 1579 refovente
552 1515 611 1578 sub
634 1514 737 1578 tutela
759 1512 924 1577 Romanae
947 1517 1131 1578 mansuetu·

125 1602 209 1666 dinis
232 1602 417 1686 adquiescit.

557 1757 635 1823 Car.
657 1757 697 1822 V.

70 1859 114 1924 21
214 1861 320 1926 Isdem
351 1863 451 1925 ferme
482 1863 594 1926 diebus
621 1860 719 1926 Darei
747 1863 872 1925 litterae
900 1861 1026 1925 adlatae
1055 1867 1164 1931 sunt1

125 1951 256 2015 tandem
280 1952 317 2013 ut
338 1951 407 2033 regi
430 1949 589 2034 scriptae·
611 1949 760 2013 Petebat:
785 1948 844 2011 ‘uti
866 1948 965 2011 filiam
988 1971 1131 2013 suam—

127 2037 264 2103 Statirae
290 2041 359 2101 erat
381 2058 499 2101 nomen
521 2073 565 2084 -
587 2037 709 2121 nuptiis
731 2036 914 2100 Alexander
937 2036 998 2101 sibi
1020 2037 1130 2101 adiun-

125 2131 229 2212 geret:
267 2125 374 2189 dotem
404 2125 517 2190 offerre
545 2146 672 2190 omnem
703 2123 868 2210 regionem
896 2123 982 2187 inter
1007 2123 1131 2189 Helles-

125 2218 262 2298 pontum
290 2216 322 2278 et
348 2212 455 2296 Halyn
484 2235 610 2278 amnem
637 2213 744 2296 sitam,
775 2213 851 2277 inde
878 2212 1033 2278 orientem
1061 2235 1131 2297 spe-

126 2303 289 2367 ctantibus
316 2302 409 2366 terris
436 2305 630 2367 contentum.
675 2299 1016 2384 &seruauerant
1046 2302 1165 2385 quoda

131 2390 310 2472 offerretur,
350 2390 505 2473 accipere,
544 2411 719 2473 numquam
755 2388 809 2452 diu
846 2389 958 2453 eodem
994 2390 1130 2472 vestigio

126 2481 211 2541 stare
237 2477 400 2541 fortunam
432 2498 618 2561 semperque
646 2476 806 2558 homines,
841 2477 1131 2560 quantamcumque

125 2566 311 2629 felicitatem
337 2565 491 2647 habeant,
517 2563 672 2628 invidiam
698 2565 808 2626 tamen
830 2562 947 2626 sentire
970 2563 1132 2628 maiorem.

125 2653 239 2717 Vereri
261 2674 304 2735 se,
326 2673 366 2715 ne
389 2652 497 2715 avium
519 2650 624 2733 modo,
647 2671 725 2732 quas
748 2651 904 2715 naturalis
926 2650 1040 2715 levitas
1059 2671 1131 2736 age·
1151 2673 1166 2720 3

125 2744 184 2824 ret,
207 2741 247 2805 ad
271 2740 375 2804 sidera
396 2739 486 2803 inani
509 2759 547 2802 ac
569 2738 683 2820 puerili
705 2742 812 2802 mente
836 2761 870 2803 se
891 2737 1028 2803 efferret:
1050 2740 1131 2804 nihil

127 2828 288 2892 difficilius
311 2849 381 2891 esse
404 2847 500 2911 quam
521 2826 557 2889 in
578 2826 635 2889 illa
657 2829 762 2890 aetate
784 2829 910 2890 tantam
933 2848 1045 2910 capere
1067 2828 1131 2892 for·

126 2919 249 2979 tunam.
286 2914 405 2978 Multas
429 2936 463 2978 se
485 2913 589 2978 'adhuc
611 2914 762 2998 reliquias
784 2914 903 2978 hahere
925 2936 985 2978 nec
1008 2937 1132 2998 semper
1150 2935 1167 2982 4

125 3003 212 3068 inter
242 3003 408 3086 angustias
439 3023 533 3087 posse
560 3002 768 3084 deprehendi:
804 3002 1035 3067 transeundum
1063 3025 1132 3068 esse

129 3090 315 3156 Alexandro
338 3089 526 3174 Euphraten
549 3090 734 3174 Tigrimque
764 3094 797 3154 et
818 3090 948 3154 Araxen
973 3094 1006 3154 et
1028 3088 1131 3155 Choa-

126 3202 215 3266 spen,
238 3199 357 3264 magna
380 3178 580 3242 munimenta
597 3180 689 3262 regni
707 3178 768 3242 sui:
791 3179 983 3242 veniendum
999 3179 1034 3241 in
1048 3201 1131 3243 cam·
1202 3200 1215 3255 a

126 3290 199 3352 pos,
235 3269 290 3332 ubi
323 3267 485 3350 paucitate
517 3288 647 3330 suorum
678 3267 927 3330 erubescendum
959 3267 1009 3329 sit.
1062 3265 1168 3336 lama

127 3354 278 3440 Mediam,
300 3354 508 3439 Hyrcaniam,
530 3352 648 3416 Bactra
671 3357 703 3417 et
725 3353 833 3436 Indos,
856 3353 975 3418 Oceani
998 3356 1131 3440 accolas,

127 3443 255 3526 quando
283 3444 445 3508 aditurum
468 3478 511 3488 -
533 3463 574 3504 ne
598 3439 777 3525 Sogdianos
800 3445 833 3505 et
855 3441 1048 3505 Arachosios
1073 3462 1133 3508 no·

127 3531 247 3595 minem
269 3534 454 3615 ceterasque
472 3532 584 3614 gentes
608 3530 649 3593 ad
667 3528 845 3594 Caucasum
868 3533 900 3593 et
914 3528 1040 3592 Tanain
1062 3551 1136 3610 pet·
1150 3530 1165 3591 t
