2444 3908
137 134 203 198 232
508 133 539 198 Q.
558 133 669 188 CURTI
685 133 772 188 RUFI

135 281 170 342 et
191 276 306 342 Cilicia
329 277 485 340 inundata
507 297 620 341 cruore
642 275 813 340 Persarum
836 279 870 339 ct
892 274 1028 357 Arbela,
1054 275 1150 340 cuius

83 383 117 430 24
136 366 242 447 campi
268 366 464 428 devictorum
492 364 628 428 anobis
650 364 778 428 ossibus
807 364 903 427 strati
930 366 1015 427 sunt.
1066 359 1150 427 Sero

135 453 280 516 hostium
308 453 451 536 legiones
478 473 646 516 numerare
673 451 840 535 coepistis,
865 454 1041 534 postquam
1070 450 1150 514 soli·

134 541 280 604 tudinem
308 541 342 604 in
371 539 450 604 Asia
476 539 631 605 vincendo
654 538 786 603 fecistis.
831 536 913 602 (lum
939 535 1149 621 per-Helles·

134 632 270 709 pontum
290 628 530 712 navigaremus,
551 627 590 692 de
611 627 775 710 paucitate
798 629 912 690 nostra
933 625 1149 708 cogitandum

134 715 209 780 fuit:
239 736 325 780 nunc
350 737 410 780 nos
434 712 574 798 Scythae
602 718 793 797 sequuntur,
820 713 995 778 Bactriana
1023 713 1150 778 auxilia

135 807 265 884 praesto
293 805 381 886 sunt,
407 801 520 866 Dahae
548 800 766 885 Sogdianique
792 802 879 866 inter
904 822 965 865 nos
988 800 1150 865 militant.

85 907 118 954 aa
137 889 205 955 Nec
222 895 332 955 tamen
349 890 399 954 illi
417 891 531 954 turbae
549 889 682 954 confido.
718 889 855 954 Vestras
874 910 989 953 manus
1007 888 1202 972 intucor,10

136 983 278 1042 vestram
303 979 456 1043 virtutem
483 999 604 1060 rerum,
632 999 712 1060 quas
740 980 892 1060 gesturus
922 997 1008 1059 sum,
1032 976 1150 1041 vadem

136 1066 348 1149 praedemque
368 1065 481 1130 habeo.
522 1064 681 1141 Quamdiu
704 1065 870 1128 vobiscum
893 1065 929 1129 in
949 1063 1018 1128 acie
1041 1064 1151 1148 stabo,

136 1174 196 1216 nec
222 1154 286 1217 mei
312 1175 372 1219 nec
397 1153 541 1218 hostium
569 1152 727 1216 exercitus
757 1173 901 1218 numero.
946 1149 1016 1216 Vos
1048 1151 1149 1216 medo

138 1241 262 1304 animos
293 1241 376 1304 mihi
406 1240 519 1323 plenos
552 1240 730 1304 alacritatis
757 1261 796 1305 ac
821 1239 958 1304 fiduciae
985 1238 1150 1305 adhibete.

86 1345 119 1392 ac
137 1326 212 1391 Non
234 1327 269 1390 in
292 1328 402 1391 limine
425 1349 557 1410 eperum
580 1327 790 1410 laborumque
812 1331 1013 1405 nostrorum,
1036 1327 1150 1392 sedin

139 1415 225 1478 exitu
244 1419 376 1478 stamus.
407 1414 614 1478 Pervenimus
634 1415 675 1478 ad
693 1415 771 1479 solis
790 1418 898 1480 ortum
915 1420 949 1479 et
967 1414 1148 1480 Oceanum:

27 1570 30 1576 ,
137 1502 200 1565 nisi
223 1502 335 1565 obstat
355 1502 495 1585 ignavia,
517 1502 591 1566 inde
613 1503 754 1566 victores
783 1502 964 1585 perdomito
991 1502 1057 1567 fine
1085 1507 1150 1567 ter·

138 1610 246 1652 rarum
280 1595 476 1654 revertemur
507 1590 541 1653 in
572 1590 722 1673 patriam.
775 1589 899 1672 Nolite,
936 1589 1022 1673 quod
1059 1590 1150 1674 pigri

139 1677 299 1758 agricolae
312 1677 449 1760 faciunt,
465 1681 609 1742 maturos
624 1678 747 1743 fructus
760 1699 818 1761 per
832 1678 983 1741 inertiam
997 1678 1149 1742 amittere

86 1781 119 1828 ar
139 1785 156 1827 e
171 1765 327 1828 manibus.
362 1763 489 1830 Maiora
503 1769 579 1830 sunt
591 1767 741 1850 periculis
755 1768 911 1847 praemia:
930 1766 1019 1830 dives
1033 1766 1149 1831 eadem

140 1855 173 1915 et
191 1853 320 1917 inbellis
340 1857 390 1917 cst
406 1855 506 1937 regio,
546 1852 661 1938 Itaque
682 1876 748 1918 non
770 1857 837 1918 tam
861 1853 901 1917 ad
924 1854 1064 1937 gloriam
1088 1875 1149 1918 vos

140 1941 230 2023 duco,
253 1962 350 2024 quam
373 1942 413 2005 ad
432 1942 593 2025 praedam.
633 1942 734 2024 Digni
755 1942 849 2023 estis,
872 1941 928 2024 qui
951 1963 1043 2024 opes,
1066 1963 1149 2025 quas

139 2028 220 2091 illud
234 2050 322 2091 mare
339 2029 489 2094 litoribus
508 2029 640 2111 invehit,
658 2028 805 2093 referatis
824 2030 859 2092 in
879 2029 1029 2112 patriam,
1047 2028 1151 2114 digni,

140 2115 196 2198 qui
216 2115 298 2178 nihil
321 2116 536 2198 inexpertum,
557 2117 641 2179 nihil
663 2120 753 2180 metu
770 2116 927 2180 omissum
945 2117 1148 2200 relinquatis.

87 2215 121 2263 28
139 2201 201 2265 Per
222 2223 281 2266 vos
304 2203 504 2286 gloriamque
526 2209 676 2286 vestram,
701 2224 764 2287 qua
780 2203 959 2269 humanum
975 2204 1148 2288 fastigium
1168 2284 1169 2288 Ἰ

140 2289 300 2370 exceditis,
317 2311 436 2373 perque
454 2295 487 2353 et
505 2312 577 2354 mea
594 2291 627 2354 in
646 2312 704 2355 vos
721 2291 806 2355 etin
824 2313 876 2355 me
894 2295 1003 2356 vestra
1020 2294 1150 2377 merita,

141 2378 256 2462 quibus
278 2378 392 2443 invicti
415 2379 648 2460 contendimus,
671 2399 728 2443 oro
752 2399 949 2463 quaesoque,
970 2400 1011 2444 nc
1035 2379 1150 2445 huma·

140 2489 254 2532 narum
280 2489 387 2532 rerum
418 2467 573 2530 terminos
602 2467 772 2531 adeuntem
799 2466 965 2531 alumnum
992 2467 1149 2532 commili-

88 2567 121 2616 29
140 2560 313 2640 tonumque
331 2559 483 2638 vestrum,
500 2577 542 2620 ne
556 2555 662 2619 dicam
685 2575 807 2639 regem,
830 2556 994 2619 deseratis
1031 2553 1150 2622 Cetera

140 2645 233 2709 vobis
255 2646 426 2727 imperavi,
448 2644 510 2708 hoc
531 2665 632 2707 unum
654 2643 820 2707 debiturus
849 2664 929 2707 sum.
968 2643 1014 2708 Et
1036 2643 1065 2708 is
1088 2665 1149 2708 vos

139 2751 234 2814 rogo,
264 2734 318 2814 qui
344 2732 428 2796 nihil
450 2752 603 2814 umquam
624 2731 718 2795 vobis
740 2731 901 2814 praecepi,
923 2731 1002 2816 quin
1022 2730 1149 2814 primus

140 2840 191 2881 me
217 2819 369 2903 periculis
397 2818 581 2900 obtulerim,
608 2819 663 2902 qui
692 2840 788 2902 saepe
816 2819 918 2883 aciem
943 2820 1047 2903 clipeo
1074 2841 1149 2885 mco

141 2907 216 2971 texi.
247 2905 297 2970 Ne
309 2907 507 2990 infregeritis
521 2906 556 2970 in
569 2906 717 2970 manibus
731 2907 812 2970 meis
826 2907 978 2990 palmam,
991 2928 1055 2990 qua
1068 2906 1150 2972 Her·

141 2996 244 3060 culem
262 2994 474 3077 Liberumque
492 2992 636 3076 Patrem,
656 2994 684 3058 si
701 2994 822 3057 invidia
840 2994 972 3075 afuerit,
993 2996 1149 3078 aequabo.

88 3097 122 3145 30
140 3083 225 3150 Date
247 3084 309 3147 hoc
331 3082 478 3164 precibus
506 3083 586 3145 meis
609 3085 643 3146 ct
670 3081 801 3146 tandem
825 3082 1025 3146 obstinatum
1052 3083 1149 3147 silen-

140 3174 223 3238 tium
245 3171 391 3253 rumpite.
427 3168 494 3234 Ubi
517 3173 567 3234 est
589 3170 645 3233 illc
663 3170 797 3251 elamor,
820 3169 999 3234 alacritatis
1019 3173 1150 3235 vestrae

140 3261 257 3326 index?
279 3260 336 3323 ubi
359 3258 415 3321 ille
434 3278 578 3322 meorum
596 3256 809 3321 Macedonum
830 3257 962 3322 vultus?
998 3256 1076 3323 Non
1094 3257 1150 3322 ad·

141 3370 261 3436 gnosco
294 3370 364 3426 vos,
402 3345 537 3429 milites,
573 3367 631 3410 nec
664 3345 817 3429 adgnosci
852 3345 964 3409 videor
994 3367 1015 3410 a
1044 3346 1150 3411 vobis.

141 3437 260 3503 Surdas
280 3434 465 3501 iamdudum
489 3455 583 3497 aures
605 3433 714 3516 pulso,
738 3454 867 3497 aversos
891 3434 1018 3506 animos
1041 3436 1076 3497 et
1101 3434 1150 3498 in-

88 3538 121 3586 31
140 3527 261 3591 fractos
277 3524 415 3591 excitare
430 3519 547 3587 conor'.
579 3519 722 3604 Cumque
741 3521 790 3584 illi
807 3520 843 3584 in
861 3522 982 3584 terram
999 3519 1149 3586 demissis
1162 3521 1203 3586 11
