2444 3908
154 155 219 221 194
523 154 555 220 Q.
575 154 683 210 OURTI
701 153 787 209 RUFI

102 313 134 362 ιε
154 297 382 365 contumeliam
399 297 539 380 venisse,
562 297 666 362 dicere
687 318 768 381 qnae
786 297 885 362 vellet
906 297 1003 361 iubet
1038 297 1084 361 At
1101 297 1162 360 illa

153 409 294 470 serrum,
327 407 420 469 quem
450 386 485 451 in
512 385 671 450 vestibulo
699 389 785 450 stare
815 385 968 468 iusserat,
998 384 1160 450 introduci

154 474 357 539 desideravit.
394 472 468 556 Qui,
491 473 568 556 quia
591 475 688 555 caput
710 472 905 555 Spitamenis
927 475 1016 536 veste
1037 475 1162 536 tectum

152 563 305 640 habebat,
315 564 484 644 suspectus
498 561 724 643 scrutantibus,
738 560 815 644 quid
830 560 999 642 occuleret,
1009 561 1161 624 ostendit.

102 665 135 714 18
155 648 350 715 Confuderat
368 649 434 713 oris
453 648 624 732 exsanguis
642 651 736 712 notas
755 647 860 730 pallor
878 669 950 731 nec,
973 648 1045 731 quis
1064 652 1162 728 esset,

153 738 244 802 nosci
262 739 341 802 satis
360 739 497 820 poterat.
528 736 617 821 Ergo
636 757 705 818 rex,
725 735 841 799 certior
858 735 964 800 factus
982 735 1161 800 humanum

154 829 250 909 caput
277 825 402 890 adferre
430 821 516 907 eum,
542 824 748 888 tabernaculo
776 823 913 888 excessit
939 827 1162 906 percontatus·
1214 866 1216 868 -

103 929 136 977 14
155 935 230 998 que,
262 913 338 997 quid
365 913 413 976 rei
441 912 496 995 sit,
527 911 583 976 illo
615 911 787 994 profitente
815 912 988 994 cognoscit.
1038 910 1161 976 Variae

153 1001 230 1066 hino
256 1000 469 1085 cogitationes
497 999 635 1063 invicem
659 999 800 1064 animum
828 999 955 1064 diversa
982 999 1163 1082 agitantem

155 1090 401 1153 commoverant.
434 1086 589 1152 Meritum
607 1087 721 1172 ingens
740 1087 774 1150 in
793 1091 895 1151 semet
912 1106 983 1152 esse
1002 1086 1163 1170 credebat,

155 1176 240 1260 quod
262 1174 433 1257 transfuga
459 1178 493 1239 et
515 1175 674 1258 proditor,
701 1174 801 1238 tantis
820 1174 935 1258 rebus,
963 1175 992 1238 si
1018 1174 1164 1258 vixisset,

154 1262 329 1327 iniecturus
365 1283 504 1347 moram,
536 1262 725 1326 interfectus
758 1264 855 1326 esset:
892 1264 1004 1327 contra
1033 1262 1163 1326 facinus
1206 1277 1209 1282 “

154 1350 268 1433 ingens
307 1350 527 1432 aversabatur,
563 1372 635 1414 cum
672 1350 791 1432 optima
823 1349 975 1414 meritum
1010 1350 1048 1414 de
1080 1351 1164 1433 ipsa,

156 1437 372 1501 communium
403 1441 571 1520 parentem
602 1436 754 1520 liberum,
785 1458 843 1521 per
878 1437 1014 1502 insidias
1044 1437 1162 1503 intere-

105 1525 276 1590 inmiscet.
317 1523 406 1589 Vicit
427 1527 537 1588 tamen
559 1525 698 1609 gratiam
721 1524 830 1588 meriti
856 1525 985 1593 sceleris
1008 1526 1163 1590 atrocitas

156 1612 398 1696 denuntiarique
420 1612 529 1696 iussit,
551 1617 589 1677 ut
607 1613 773 1677 excederet
791 1612 906 1677 castris
926 1634 989 1677 neu
1012 1613 1163 1679 licentiae

155 1700 314 1764 barbarae
329 1700 492 1782 exemplar
505 1700 540 1764 in
552 1699 745 1764 Graecorum
760 1722 865 1764 mores
880 1702 913 1765 et
926 1701 1019 1764 mitia
1031 1701 1163 1784 ingenia

105 1803 137 1852 16
155 1787 354 1853 transferret.
398 1787 510 1853 Dahae
539 1785 732 1870 Spitamenis
760 1789 854 1853 caede
882 1792 1037 1873 conperta
1062 1788 1162 1854 Data·
1175 1794 1213 1858 13

155 1876 309 1960 phernen,
322 1875 510 1940 defectionis
525 1876 593 1939 cius
607 1875 808 1959 participem,
821 1875 965 1940 vinctum
976 1876 1161 1942 Alexandro

156 1984 253 2048 seque
273 1962 401 2030 dedunt
432 1963 491 2027 Ille
510 1963 651 2028 maxima
669 1964 886 2046 praesentium
900 1985 1049 2028 curarum
1067 1968 1161 2048 parte

156 2052 313 2116 liberatus
345 2051 505 2116 convertit
537 2050 680 2116 animum
711 2051 751 2115 ad
787 2051 993 2115 vindicandas
1025 2052 1162 2117 iniurias

157 2160 279 2221 eorum,
311 2139 427 2221 quibus
460 2161 479 2201 a
508 2138 711 2220 praetoribus
743 2138 808 2203 suis
837 2160 931 2203 avare
959 2160 998 2204 ac
1026 2141 1164 2223 superbe

105 2239 138 2288 17
157 2225 386 2308 imperabatur.
419 2224 508 2309 Ergo
525 2225 762 2308 Phratapherni
774 2225 970 2310 Hyrcaniam
987 2231 1019 2291 et
1033 2226 1163 2293 Mardos

157 2333 228 2377 cum
251 2313 389 2395 Tapuris
412 2311 549 2377 tradidit
571 2312 811 2398 mandavitque,
834 2318 872 2378 ut
891 2313 1087 2399 Phradaten,
1110 2317 1161 2381 cui

158 2400 361 2484 succedebat,
397 2400 438 2464 ad
470 2421 504 2464 se
539 2401 573 2463 in
605 2400 783 2465 custodiam
817 2402 970 2468 mitteret.
1023 2403 1165 2489 Arsami,

157 2487 362 2573 Drangarum
389 2488 567 2572 praefecte,
596 2489 791 2553 substitutus
819 2494 869 2554 est
894 2489 1063 2556 Stasanor:
1101 2492 1163 2555 Ar-

157 2598 247 2642 saces
269 2579 304 2641 in
326 2575 467 2641 Mediam
490 2575 622 2660 missus,
648 2580 685 2641 ut
707 2575 866 2661 Oxydates
889 2578 964 2642 inde
988 2578 1165 2646 decederet

157 2663 340 2748 Babylonia
362 2664 530 2729 demortuo
553 2661 683 2729 Mazaeo
707 2663 852 2729 Stameni
873 2666 1018 2732 subiecta
1037 2670 1096 2732 ast.

582 2819 661 2887 Oar.
683 2821 741 2888 IV.

64 2941 69 2946 ·
124 2939 138 2987 1
245 2925 307 2990 His
338 2927 515 3010 conpositis
547 2927 644 2991 tertio
678 2949 787 2993 mense
816 2950 856 2994 ex
890 2929 1034 2994 hibernis
1063 2931 1167 2995 movit
1178 2932 1213 2998 14

158 3014 347 3093 exercitum,
364 3015 529 3099 regionem
548 3036 629 3098 quae
647 3014 776 3080 Gazaba
794 3017 990 3101 appellatur,
1009 3017 1165 3083 aditurus.

123 3115 139 3164 a
158 3101 285 3167 Primus
305 3101 372 3166 dies
387 3103 531 3185 quietum
543 3103 606 3166 iter
618 3103 779 3186 praebuit:
797 3106 963 3188 proximus
978 3107 1008 3170 ei
1021 3107 1166 3171 nondum

159 3190 287 3275 quidem
308 3190 507 3272 procellosus
526 3194 559 3255 et
576 3191 693 3273 tristis,
716 3191 881 3257 obscurior
899 3197 1008 3258 tamen
1024 3194 1165 3276 pristino

123 3292 224 3346 anon
253 3279 321 3342 sine
347 3277 443 3342 minis
468 3279 640 3343 crescentis
668 3279 745 3344 mali
772 3281 947 3364 praeteriit.
984 3280 1096 3346 Tertio
1125 3283 1167 3348 ab

160 3368 247 3435 omni
269 3370 363 3450 parte
382 3366 462 3430 caeli
481 3367 617 3430 emicare
635 3366 766 3452 fulgura
785 3372 832 3452 et,
854 3390 940 3432 nunc
958 3369 1166 3435 internitente

159 3457 244 3540 luce,
266 3476 350 3520 nunc
369 3454 511 3534 condita,
528 3475 594 3519 non
612 3457 721 3520 oculos
739 3455 834 3520 modo
853 3456 990 3521 meantis
1008 3458 1166 3523 exercitus

123 3555 142 3602 4
161 3545 216 3608 sed
240 3544 337 3608 ctiam
361 3543 486 3607 animos
509 3547 629 3608 terrere
647 3547 829 3626 coeperunt.
866 3542 948 3608 Erat
969 3566 1070 3630 propa
1094 3567 1168 3611 con-
