<?xml version="1.0" encoding="UTF-8"?>
<!DOCTYPE html PUBLIC "-//W3C//DTD XHTML 1.0 Transitional//EN"
    "http://www.w3.org/TR/xhtml1/DTD/xhtml1-transitional.dtd">
<html xmlns="http://www.w3.org/1999/xhtml" xml:lang="en" lang="en">
 <head>
  <title>
</title>
<meta http-equiv="Content-Type" content="text/html;charset=utf-8" />
  <meta name='ocr-system' content='tesseract 3.04.00' />
  <meta name='ocr-capabilities' content='ocr_page ocr_carea ocr_par ocr_line ocrx_word'/>
</head>
<body>
  <div class='ocr_page' id='page_1' title='image "./historiarumalex01rufugoog_0273.png"; bbox 0 0 2444 3908; ppageno 0'>
   <div class='ocr_carea' id='block_1_1' title="bbox 123 141 761 208">
    <p class='ocr_par' dir='ltr' id='par_1_1' title="bbox 123 141 761 208">
     <span class='ocr_line' id='line_1_1' title="bbox 123 141 761 208; baseline -0.005 -11"><span class='ocrx_word' id='word_1_1' title='bbox 123 144 187 208; x_wconf 85' lang='grc'>236</span> <span class='ocrx_word' id='word_1_2' title='bbox 361 198 364 202; x_wconf 75' lang='grc'>,</span> <span class='ocrx_word' id='word_1_3' title='bbox 495 141 527 207; x_wconf 81' lang='lat' dir='ltr'>Q.</span> <span class='ocrx_word' id='word_1_4' title='bbox 546 141 657 197; x_wconf 78' lang='lat' dir='ltr'>cuam</span> <span class='ocrx_word' id='word_1_5' title='bbox 675 141 761 196; x_wconf 79' lang='lat' dir='ltr'>RUFI</span> 
     </span>
    </p>
   </div>
   <div class='ocr_carea' id='block_1_2' title="bbox 34 284 1190 3615">
    <p class='ocr_par' dir='ltr' id='par_1_2' title="bbox 34 284 1190 3615">
     <span class='ocr_line' id='line_1_2' title="bbox 117 284 1138 367; baseline -0.004 -15"><span class='ocrx_word' id='word_1_6' title='bbox 117 288 313 352; x_wconf 88' lang='lat' dir='ltr'>memorant:</span> <span class='ocrx_word' id='word_1_7' title='bbox 342 304 457 367; x_wconf 88' lang='lat' dir='ltr'>aegros</span> <span class='ocrx_word' id='word_1_8' title='bbox 486 285 617 349; x_wconf 88' lang='lat' dir='ltr'>relictos</span> <span class='ocrx_word' id='word_1_9' title='bbox 645 285 767 366; x_wconf 83' lang='lat' dir='ltr'>cepisse</span> <span class='ocrx_word' id='word_1_10' title='bbox 798 284 920 366; x_wconf 88' lang='lat' dir='ltr'>sedem,</span> <span class='ocrx_word' id='word_1_11' title='bbox 949 305 1046 366; x_wconf 85' lang='lat' dir='ltr'>quam</span> <span class='ocrx_word' id='word_1_12' title='bbox 1069 284 1138 367; x_wconf 92' lang='lat' dir='ltr'>ipsi</span> 
     </span>
     <span class='ocr_line' id='line_1_3' title="bbox 85 372 1133 456; baseline -0.001 -19"><span class='ocrx_word' id='word_1_13' title='bbox 85 389 100 437; x_wconf 80' lang='lat' dir='ltr'>a</span> <span class='ocrx_word' id='word_1_14' title='bbox 120 375 319 440; x_wconf 90' lang='lat' dir='ltr'>obtinebant.</span> <span class='ocrx_word' id='word_1_15' title='bbox 347 372 453 436; x_wconf 83' lang='lat' dir='ltr'>Pelles</span> <span class='ocrx_word' id='word_1_16' title='bbox 472 372 613 436; x_wconf 88' lang='lat' dir='ltr'>ferarum</span> <span class='ocrx_word' id='word_1_17' title='bbox 626 393 685 456; x_wconf 91' lang='lat' dir='ltr'>pro</span> <span class='ocrx_word' id='word_1_18' title='bbox 701 375 799 456; x_wconf 84' lang='lat' dir='ltr'>veste,</span> <span class='ocrx_word' id='word_1_19' title='bbox 818 372 927 436; x_wconf 89' lang='lat' dir='ltr'>clavae</span> <span class='ocrx_word' id='word_1_20' title='bbox 942 373 1009 436; x_wconf 88' lang='lat' dir='ltr'>tela</span> <span class='ocrx_word' id='word_1_21' title='bbox 1025 375 1133 436; x_wconf 90' lang='lat' dir='ltr'>erant:</span> 
     </span>
     <span class='ocr_line' id='line_1_4' title="bbox 119 458 1136 544; baseline -0.003 -18"><span class='ocrx_word' id='word_1_22' title='bbox 119 464 285 544; x_wconf 90' lang='lat' dir='ltr'>multaque</span> <span class='ocrx_word' id='word_1_23' title='bbox 304 461 413 543; x_wconf 81' lang='lat' dir='ltr'>etiam,</span> <span class='ocrx_word' id='word_1_24' title='bbox 431 482 503 524; x_wconf 91' lang='lat' dir='ltr'>cum</span> <span class='ocrx_word' id='word_1_25' title='bbox 518 458 632 525; x_wconf 85' lang='lat' dir='ltr'>Graeci</span> <span class='ocrx_word' id='word_1_26' title='bbox 651 480 758 524; x_wconf 90' lang='lat' dir='ltr'>mores</span> <span class='ocrx_word' id='word_1_27' title='bbox 777 460 1001 542; x_wconf 86' lang='lat' dir='ltr'>exolevissent,</span> <span class='ocrx_word' id='word_1_28' title='bbox 1021 459 1136 542; x_wconf 81' lang='lat' dir='ltr'><strong>stirpis</strong></span> 
     </span>
     <span class='ocr_line' id='line_1_5' title="bbox 85 547 1135 632; baseline -0.003 -20"><span class='ocrx_word' id='word_1_29' title='bbox 85 549 337 615; x_wconf 74' lang='lat' dir='ltr'>costendebant</span> <span class='ocrx_word' id='word_1_30' title='bbox 363 548 511 632; x_wconf 80' lang='lat' dir='ltr'>vestigia.</span> <span class='ocrx_word' id='word_1_31' title='bbox 548 547 632 612; x_wconf 90' lang='lat' dir='ltr'>Hinc</span> <span class='ocrx_word' id='word_1_32' title='bbox 655 547 842 612; x_wconf 78' lang='lat' dir='ltr'>escensione</span> <span class='ocrx_word' id='word_1_33' title='bbox 869 548 958 612; x_wconf 81' lang='lat' dir='ltr'>facta</span> <span class='ocrx_word' id='word_1_34' title='bbox 985 563 1027 612; x_wconf 85' lang='lat' dir='ltr'>cc</span> <span class='ocrx_word' id='word_1_35' title='bbox 1050 551 1082 610; x_wconf 92' lang='lat' dir='ltr'>et</span> <span class='ocrx_word' id='word_1_36' title='bbox 1112 565 1135 610; x_wconf 78' lang='lat' dir='ltr'>n</span> 
     </span>
     <span class='ocr_line' id='line_1_6' title="bbox 122 635 1136 719; baseline -0.004 -17"><span class='ocrx_word' id='word_1_37' title='bbox 122 637 227 702; x_wconf 90' lang='lat' dir='ltr'>stadia</span> <span class='ocrx_word' id='word_1_38' title='bbox 241 636 378 701; x_wconf 75' lang='lat' dir='ltr'>excessit</span> <span class='ocrx_word' id='word_1_39' title='bbox 393 635 669 719; x_wconf 71' lang='lat' dir='ltr'>depopulatusque</span> <span class='ocrx_word' id='word_1_40' title='bbox 682 635 847 718; x_wconf 81' lang='lat' dir='ltr'>regionem</span> <span class='ocrx_word' id='word_1_41' title='bbox 859 635 1022 719; x_wconf 85' lang='lat' dir='ltr'>oppidum,</span> <span class='ocrx_word' id='word_1_42' title='bbox 1035 638 1136 718; x_wconf 86' lang='lat' dir='ltr'>caput</span> 
     </span>
     <span class='ocr_line' id='line_1_7' title="bbox 86 722 1138 808; baseline 0 -22"><span class='ocrx_word' id='word_1_43' title='bbox 86 737 101 786; x_wconf 82' lang='lat'>5</span> <span class='ocrx_word' id='word_1_44' title='bbox 122 726 198 808; x_wconf 89' lang='lat' dir='ltr'>eius,</span> <span class='ocrx_word' id='word_1_45' title='bbox 217 745 336 790; x_wconf 88' lang='lat' dir='ltr'>corona</span> <span class='ocrx_word' id='word_1_46' title='bbox 355 724 449 806; x_wconf 88' lang='lat' dir='ltr'>cepit.</span> <span class='ocrx_word' id='word_1_47' title='bbox 484 740 531 787; x_wconf 71' lang='lat' dir='ltr'>xa</span> <span class='ocrx_word' id='word_1_48' title='bbox 549 722 694 806; x_wconf 91' lang='lat' dir='ltr'>peditum</span> <span class='ocrx_word' id='word_1_49' title='bbox 709 723 800 786; x_wconf 88' lang='lat' dir='ltr'>milia</span> <span class='ocrx_word' id='word_1_50' title='bbox 815 722 991 807; x_wconf 82' lang='lat' dir='ltr'>Agalasses</span> <span class='ocrx_word' id='word_1_51' title='bbox 1010 722 1045 786; x_wconf 91' lang='lat' dir='ltr'>in</span> <span class='ocrx_word' id='word_1_52' title='bbox 1063 723 1138 805; x_wconf 88' lang='lat' dir='ltr'>ripa</span> 
     </span>
     <span class='ocr_line' id='line_1_8' title="bbox 121 810 1137 895; baseline -0.003 -18"><span class='ocrx_word' id='word_1_53' title='bbox 121 813 289 895; x_wconf 89' lang='lat' dir='ltr'>fluminum</span> <span class='ocrx_word' id='word_1_54' title='bbox 312 813 542 895; x_wconf 85' lang='lat' dir='ltr'>opposuerant:</span> <span class='ocrx_word' id='word_1_55' title='bbox 566 820 764 894; x_wconf 80' lang='lat' dir='ltr'>quaeamus</span> <span class='ocrx_word' id='word_1_56' title='bbox 789 814 940 893; x_wconf 89' lang='lat' dir='ltr'>superato</span> <span class='ocrx_word' id='word_1_57' title='bbox 964 812 998 873; x_wconf 92' lang='lat' dir='ltr'>in</span> <span class='ocrx_word' id='word_1_58' title='bbox 1021 810 1137 895; x_wconf 90' lang='lat' dir='ltr'>fugam</span> 
     </span>
     <span class='ocr_line' id='line_1_9' title="bbox 122 896 1137 983; baseline -0.006 -16"><span class='ocrx_word' id='word_1_59' title='bbox 122 900 268 983; x_wconf 77' lang='lat' dir='ltr'>conpulit</span> <span class='ocrx_word' id='word_1_60' title='bbox 289 900 493 982; x_wconf 87' lang='lat' dir='ltr'>inclusosque</span> <span class='ocrx_word' id='word_1_61' title='bbox 517 899 685 963; x_wconf 90' lang='lat' dir='ltr'>moenibus</span> <span class='ocrx_word' id='word_1_62' title='bbox 709 902 882 981; x_wconf 85' lang='lat' dir='ltr'>expugnat.</span> <span class='ocrx_word' id='word_1_63' title='bbox 921 896 1063 962; x_wconf 89' lang='lat' dir='ltr'>Puberes</span> <span class='ocrx_word' id='word_1_64' title='bbox 1087 899 1137 962; x_wconf 94' lang='lat' dir='ltr'>in-</span> 
     </span>
     <span class='ocr_line' id='line_1_10' title="bbox 88 985 1137 1066; baseline -0.004 -12"><span class='ocrx_word' id='word_1_65' title='bbox 88 988 251 1055; x_wconf 78' lang='lat' dir='ltr'>uterfecti</span> <span class='ocrx_word' id='word_1_66' title='bbox 270 991 354 1066; x_wconf 87' lang='lat' dir='ltr'>sunt,</span> <span class='ocrx_word' id='word_1_67' title='bbox 373 987 472 1051; x_wconf 88' lang='lat' dir='ltr'>ceteri</span> <span class='ocrx_word' id='word_1_68' title='bbox 495 986 672 1051; x_wconf 78' lang='lat' dir='ltr'>venierunt.</span> <span class='ocrx_word' id='word_1_69' title='bbox 712 985 859 1050; x_wconf 80' lang='lat' dir='ltr'>Alteram</span> <span class='ocrx_word' id='word_1_70' title='bbox 883 985 998 1051; x_wconf 90' lang='lat' dir='ltr'>deinde</span> <span class='ocrx_word' id='word_1_71' title='bbox 1021 986 1137 1050; x_wconf 91' lang='lat' dir='ltr'>urbem</span> 
     </span>
     <span class='ocr_line' id='line_1_11' title="bbox 123 1072 1137 1160; baseline -0.002 -20"><span class='ocrx_word' id='word_1_72' title='bbox 123 1096 306 1160; x_wconf 86' lang='lat' dir='ltr'>expugnare</span> <span class='ocrx_word' id='word_1_73' title='bbox 334 1075 466 1139; x_wconf 81' lang='lat' dir='ltr'>adortus</span> <span class='ocrx_word' id='word_1_74' title='bbox 488 1094 670 1157; x_wconf 89' lang='lat' dir='ltr'>magnaque</span> <span class='ocrx_word' id='word_1_75' title='bbox 696 1074 729 1137; x_wconf 84' lang='lat' dir='ltr'>vi</span> <span class='ocrx_word' id='word_1_76' title='bbox 756 1072 994 1138; x_wconf 86' lang='lat' dir='ltr'>defendentium</span> <span class='ocrx_word' id='word_1_77' title='bbox 1021 1075 1137 1156; x_wconf 90' lang='lat' dir='ltr'>pulsus</span> 
     </span>
     <span class='ocr_line' id='line_1_12' title="bbox 122 1159 1136 1228; baseline -0.002 0"><span class='ocrx_word' id='word_1_78' title='bbox 122 1165 243 1228; x_wconf 90' lang='lat' dir='ltr'>multos</span> <span class='ocrx_word' id='word_1_79' title='bbox 275 1163 487 1227; x_wconf 82' lang='lat' dir='ltr'>Macedonum</span> <span class='ocrx_word' id='word_1_80' title='bbox 520 1162 638 1225; x_wconf 87' lang='lat' dir='ltr'>amisit.</span> <span class='ocrx_word' id='word_1_81' title='bbox 692 1159 754 1225; x_wconf 86' lang='lat' dir='ltr'>Sed</span> <span class='ocrx_word' id='word_1_82' title='bbox 792 1182 864 1226; x_wconf 92' lang='lat' dir='ltr'>cum</span> <span class='ocrx_word' id='word_1_83' title='bbox 901 1163 935 1225; x_wconf 90' lang='lat' dir='ltr'>in</span> <span class='ocrx_word' id='word_1_84' title='bbox 968 1161 1136 1226; x_wconf 90' lang='lat' dir='ltr'>obsidione</span> 
     </span>
     <span class='ocr_line' id='line_1_13' title="bbox 123 1248 1137 1334; baseline 0 -20"><span class='ocrx_word' id='word_1_85' title='bbox 123 1253 372 1334; x_wconf 87' lang='lat' dir='ltr'>perseverasset,</span> <span class='ocrx_word' id='word_1_86' title='bbox 397 1249 547 1332; x_wconf 89' lang='lat' dir='ltr'>oppidani</span> <span class='ocrx_word' id='word_1_87' title='bbox 571 1248 741 1332; x_wconf 87' lang='lat' dir='ltr'>desperata</span> <span class='ocrx_word' id='word_1_88' title='bbox 766 1250 871 1313; x_wconf 86' lang='lat' dir='ltr'>salute</span> <span class='ocrx_word' id='word_1_89' title='bbox 897 1250 1006 1333; x_wconf 86' lang='lat' dir='ltr'>ignem</span> <span class='ocrx_word' id='word_1_90' title='bbox 1030 1250 1137 1323; x_wconf 91' lang='lat' dir='ltr'>subie-</span> 
     </span>
     <span class='ocr_line' id='line_1_14' title="bbox 125 1335 1136 1420; baseline -0.002 -18"><span class='ocrx_word' id='word_1_91' title='bbox 125 1360 195 1403; x_wconf 87' lang='lat' dir='ltr'>cere</span> <span class='ocrx_word' id='word_1_92' title='bbox 218 1337 314 1401; x_wconf 90' lang='lat' dir='ltr'>tectis</span> <span class='ocrx_word' id='word_1_93' title='bbox 338 1357 435 1419; x_wconf 89' lang='lat' dir='ltr'>seque</span> <span class='ocrx_word' id='word_1_94' title='bbox 459 1357 496 1401; x_wconf 91' lang='lat' dir='ltr'>ac</span> <span class='ocrx_word' id='word_1_95' title='bbox 518 1335 636 1401; x_wconf 89' lang='lat' dir='ltr'>liberos</span> <span class='ocrx_word' id='word_1_96' title='bbox 663 1337 878 1420; x_wconf 82' lang='lat' dir='ltr'>coniugesque</span> <span class='ocrx_word' id='word_1_97' title='bbox 900 1337 1049 1402; x_wconf 89' lang='lat' dir='ltr'>incendio</span> <span class='ocrx_word' id='word_1_98' title='bbox 1069 1358 1136 1401; x_wconf 91' lang='lat' dir='ltr'>cre-</span> 
     </span>
     <span class='ocr_line' id='line_1_15' title="bbox 89 1423 1136 1509; baseline 0.002 -23"><span class='ocrx_word' id='word_1_99' title='bbox 89 1428 225 1490; x_wconf 74' lang='lat' dir='ltr'>tmant.</span> <span class='ocrx_word' id='word_1_100' title='bbox 271 1423 363 1499; x_wconf 81' lang='lat' dir='ltr'>Quod</span> <span class='ocrx_word' id='word_1_101' title='bbox 386 1445 458 1488; x_wconf 91' lang='lat' dir='ltr'>cum</span> <span class='ocrx_word' id='word_1_102' title='bbox 480 1424 738 1507; x_wconf 87' lang='lat' dir='ltr'>ipsiaugerent,</span> <span class='ocrx_word' id='word_1_103' title='bbox 765 1424 876 1489; x_wconf 87' lang='lat' dir='ltr'>hostes</span> <span class='ocrx_word' id='word_1_104' title='bbox 900 1425 1136 1509; x_wconf 77' lang='lat' dir='ltr'>extinguerent,</span> 
     </span>
     <span class='ocr_line' id='line_1_16' title="bbox 123 1511 1136 1595; baseline -0.001 -18"><span class='ocrx_word' id='word_1_105' title='bbox 123 1535 207 1577; x_wconf 85' lang='lat' dir='ltr'>nova</span> <span class='ocrx_word' id='word_1_106' title='bbox 237 1511 344 1576; x_wconf 85' lang='lat' dir='ltr'>forma</span> <span class='ocrx_word' id='word_1_107' title='bbox 376 1532 505 1595; x_wconf 81' lang='lat' dir='ltr'>pugnae</span> <span class='ocrx_word' id='word_1_108' title='bbox 537 1515 615 1575; x_wconf 87' lang='lat' dir='ltr'>erat</span> <span class='ocrx_word' id='word_1_109' title='bbox 666 1511 826 1576; x_wconf 89' lang='lat' dir='ltr'>Delebant</span> <span class='ocrx_word' id='word_1_110' title='bbox 856 1512 981 1577; x_wconf 90' lang='lat' dir='ltr'>incolae</span> <span class='ocrx_word' id='word_1_111' title='bbox 1013 1513 1136 1593; x_wconf 89' lang='lat' dir='ltr'>urbem,</span> 
     </span>
     <span class='ocr_line' id='line_1_17' title="bbox 123 1598 1137 1665; baseline 0 0"><span class='ocrx_word' id='word_1_112' title='bbox 123 1601 235 1665; x_wconf 88' lang='lat' dir='ltr'>hostes</span> <span class='ocrx_word' id='word_1_113' title='bbox 263 1598 493 1664; x_wconf 79' lang='lat' dir='ltr'>defendebantr</span> <span class='ocrx_word' id='word_1_114' title='bbox 520 1599 599 1664; x_wconf 87' lang='lat' dir='ltr'>adeo</span> <span class='ocrx_word' id='word_1_115' title='bbox 626 1600 725 1663; x_wconf 90' lang='lat' dir='ltr'>etiam</span> <span class='ocrx_word' id='word_1_116' title='bbox 751 1605 885 1664; x_wconf 90' lang='lat' dir='ltr'>naturae</span> <span class='ocrx_word' id='word_1_117' title='bbox 913 1601 985 1665; x_wconf 88' lang='lat' dir='ltr'>iura</span> <span class='ocrx_word' id='word_1_118' title='bbox 1011 1600 1137 1665; x_wconf 91' lang='lat' dir='ltr'>bellum</span> 
     </span>
     <span class='ocr_line' id='line_1_18' title="bbox 89 1685 1136 1772; baseline 0.003 -23"><span class='ocrx_word' id='word_1_119' title='bbox 89 1689 159 1753; x_wconf 77' lang='lat' dir='ltr'>sin</span> <span class='ocrx_word' id='word_1_120' title='bbox 191 1687 388 1753; x_wconf 88' lang='lat' dir='ltr'>contrarium</span> <span class='ocrx_word' id='word_1_121' title='bbox 420 1690 535 1752; x_wconf 84' lang='lat' dir='ltr'>mutat.</span> <span class='ocrx_word' id='word_1_122' title='bbox 588 1685 658 1752; x_wconf 85' lang='lat' dir='ltr'>Arx</span> <span class='ocrx_word' id='word_1_123' title='bbox 689 1692 759 1752; x_wconf 89' lang='lat' dir='ltr'>erat</span> <span class='ocrx_word' id='word_1_124' title='bbox 790 1688 901 1771; x_wconf 92' lang='lat' dir='ltr'>oppidi</span> <span class='ocrx_word' id='word_1_125' title='bbox 932 1689 1070 1772; x_wconf 86' lang='lat' dir='ltr'>intacta,</span> <span class='ocrx_word' id='word_1_126' title='bbox 1101 1689 1136 1752; x_wconf 90' lang='lat' dir='ltr'>iu</span> 
     </span>
     <span class='ocr_line' id='line_1_19' title="bbox 126 1774 1136 1860; baseline 0 -19"><span class='ocrx_word' id='word_1_127' title='bbox 126 1798 189 1860; x_wconf 91' lang='lat' dir='ltr'>qua</span> <span class='ocrx_word' id='word_1_128' title='bbox 211 1775 408 1859; x_wconf 88' lang='lat' dir='ltr'>praesidium</span> <span class='ocrx_word' id='word_1_129' title='bbox 431 1775 612 1858; x_wconf 89' lang='lat' dir='ltr'>dereliquit.</span> <span class='ocrx_word' id='word_1_130' title='bbox 647 1774 722 1859; x_wconf 89' lang='lat' dir='ltr'>Ipse</span> <span class='ocrx_word' id='word_1_131' title='bbox 744 1776 882 1859; x_wconf 86' lang='lat' dir='ltr'>navigiis</span> <span class='ocrx_word' id='word_1_132' title='bbox 902 1777 1136 1841; x_wconf 88' lang='lat' dir='ltr'>circumvectus</span> 
     </span>
     <span class='ocr_line' id='line_1_20' title="bbox 124 1863 1190 1948; baseline 0.001 -20"><span class='ocrx_word' id='word_1_133' title='bbox 124 1870 174 1929; x_wconf 90' lang='lat' dir='ltr'>est</span> <span class='ocrx_word' id='word_1_134' title='bbox 206 1885 322 1929; x_wconf 86' lang='lat' dir='ltr'>arcem.</span> <span class='ocrx_word' id='word_1_135' title='bbox 349 1872 351 1877; x_wconf 78' lang='grc'>’</span> <span class='ocrx_word' id='word_1_136' title='bbox 377 1863 503 1946; x_wconf 81' lang='lat' dir='ltr'>Quippe</span> <span class='ocrx_word' id='word_1_137' title='bbox 534 1881 574 1927; x_wconf 92' lang='lat'>111</span> <span class='ocrx_word' id='word_1_138' title='bbox 610 1863 744 1928; x_wconf 87' lang='lat' dir='ltr'>flumina</span> <span class='ocrx_word' id='word_1_139' title='bbox 776 1867 847 1928; x_wconf 90' lang='lat' dir='ltr'>tota</span> <span class='ocrx_word' id='word_1_140' title='bbox 882 1863 975 1929; x_wconf 90' lang='lat' dir='ltr'>India</span> <span class='ocrx_word' id='word_1_141' title='bbox 1006 1868 1137 1948; x_wconf 88' lang='lat' dir='ltr'>praeter</span> <span class='ocrx_word' id='word_1_142' title='bbox 1149 1863 1190 1929; x_wconf 83' lang='lat'>15</span> 
     </span>
     <span class='ocr_line' id='line_1_21' title="bbox 34 1950 1137 2036; baseline 0.001 -20"><span class='ocrx_word' id='word_1_143' title='bbox 34 2020 41 2032; x_wconf 32' lang='lat'><strong><em>⁴</em></strong></span> <span class='ocrx_word' id='word_1_144' title='bbox 124 1950 260 2036; x_wconf 80' lang='lat' dir='ltr'>Gangen</span> <span class='ocrx_word' id='word_1_145' title='bbox 296 1952 439 2016; x_wconf 88' lang='lat' dir='ltr'>maxima</span> <span class='ocrx_word' id='word_1_146' title='bbox 474 1951 674 2017; x_wconf 90' lang='lat' dir='ltr'>munimento</span> <span class='ocrx_word' id='word_1_147' title='bbox 707 1953 789 2015; x_wconf 89' lang='lat' dir='ltr'>arcis</span> <span class='ocrx_word' id='word_1_148' title='bbox 827 1951 992 2033; x_wconf 87' lang='lat' dir='ltr'>adplicant</span> <span class='ocrx_word' id='word_1_149' title='bbox 1023 1953 1137 2017; x_wconf 91' lang='lat' dir='ltr'>undas.</span> 
     </span>
     <span class='ocr_line' id='line_1_22' title="bbox 124 2038 1136 2122; baseline 0.001 -18"><span class='ocrx_word' id='word_1_150' title='bbox 124 2040 156 2104; x_wconf 88' lang='lat' dir='ltr'><strong>A</strong></span> <span class='ocrx_word' id='word_1_151' title='bbox 192 2040 410 2122; x_wconf 87' lang='lat' dir='ltr'>septentrione</span> <span class='ocrx_word' id='word_1_152' title='bbox 450 2038 549 2103; x_wconf 92' lang='lat' dir='ltr'>Indus</span> <span class='ocrx_word' id='word_1_153' title='bbox 591 2038 709 2122; x_wconf 88' lang='lat' dir='ltr'>adluit,</span> <span class='ocrx_word' id='word_1_154' title='bbox 750 2061 769 2103; x_wconf 90' lang='lat' dir='ltr'>a</span> <span class='ocrx_word' id='word_1_155' title='bbox 810 2039 942 2103; x_wconf 91' lang='lat' dir='ltr'>meridie</span> <span class='ocrx_word' id='word_1_156' title='bbox 979 2039 1136 2105; x_wconf 85' lang='lat' dir='ltr'>Acesines</span> 
     </span>
     <span class='ocr_line' id='line_1_23' title="bbox 89 2123 1136 2210; baseline 0.005 -22"><span class='ocrx_word' id='word_1_157' title='bbox 89 2140 105 2188; x_wconf 84' lang='lat'>9</span> <span class='ocrx_word' id='word_1_158' title='bbox 125 2126 275 2210; x_wconf 86' lang='lat' dir='ltr'>Hydaspi</span> <span class='ocrx_word' id='word_1_159' title='bbox 298 2126 515 2192; x_wconf 86' lang='lat' dir='ltr'>confunditur.</span> <span class='ocrx_word' id='word_1_160' title='bbox 561 2123 713 2191; x_wconf 81' lang='lat' dir='ltr'>Ceterum</span> <span class='ocrx_word' id='word_1_161' title='bbox 739 2127 881 2190; x_wconf 90' lang='lat' dir='ltr'>amnium</span> <span class='ocrx_word' id='word_1_162' title='bbox 904 2131 1015 2193; x_wconf 88' lang='lat' dir='ltr'>coetus</span> <span class='ocrx_word' id='word_1_163' title='bbox 1038 2129 1136 2193; x_wconf 84' lang='lat' dir='ltr'>mari·</span> 
     </span>
     <span class='ocr_line' id='line_1_24' title="bbox 124 2213 1136 2300; baseline 0.003 -22"><span class='ocrx_word' id='word_1_164' title='bbox 124 2215 215 2278; x_wconf 88' lang='lat' dir='ltr'>timis</span> <span class='ocrx_word' id='word_1_165' title='bbox 239 2214 363 2279; x_wconf 86' lang='lat' dir='ltr'>similes</span> <span class='ocrx_word' id='word_1_166' title='bbox 387 2213 501 2278; x_wconf 89' lang='lat' dir='ltr'>fluctus</span> <span class='ocrx_word' id='word_1_167' title='bbox 524 2217 634 2278; x_wconf 89' lang='lat' dir='ltr'>movet</span> <span class='ocrx_word' id='word_1_168' title='bbox 652 2215 819 2298; x_wconf 90' lang='lat' dir='ltr'>multoque</span> <span class='ocrx_word' id='word_1_169' title='bbox 842 2237 879 2279; x_wconf 85' lang='lat' dir='ltr'>ac</span> <span class='ocrx_word' id='word_1_170' title='bbox 897 2215 1028 2281; x_wconf 90' lang='lat' dir='ltr'>turbido</span> <span class='ocrx_word' id='word_1_171' title='bbox 1046 2215 1136 2300; x_wconf 88' lang='lat' dir='ltr'>limo,</span> 
     </span>
     <span class='ocr_line' id='line_1_25' title="bbox 125 2297 1136 2387; baseline 0.004 -23"><span class='ocrx_word' id='word_1_172' title='bbox 125 2301 210 2386; x_wconf 90' lang='lat' dir='ltr'>quod</span> <span class='ocrx_word' id='word_1_173' title='bbox 238 2322 395 2385; x_wconf 89' lang='lat' dir='ltr'>aquarum</span> <span class='ocrx_word' id='word_1_174' title='bbox 422 2297 577 2366; x_wconf 84' lang='lat' dir='ltr'>concursu</span> <span class='ocrx_word' id='word_1_175' title='bbox 604 2301 739 2365; x_wconf 90' lang='lat' dir='ltr'>subinde</span> <span class='ocrx_word' id='word_1_176' title='bbox 768 2302 932 2386; x_wconf 88' lang='lat' dir='ltr'>turbatur,</span> <span class='ocrx_word' id='word_1_177' title='bbox 964 2304 1040 2384; x_wconf 88' lang='lat' dir='ltr'>iter,</span> <span class='ocrx_word' id='word_1_178' title='bbox 1072 2325 1136 2387; x_wconf 88' lang='lat' dir='ltr'>qua</span> 
     </span>
     <span class='ocr_line' id='line_1_26' title="bbox 74 2388 1137 2476; baseline 0.004 -25"><span class='ocrx_word' id='word_1_179' title='bbox 74 2392 252 2454; x_wconf 78' lang='lat' dir='ltr'>remeatur</span> <span class='ocrx_word' id='word_1_180' title='bbox 278 2388 432 2474; x_wconf 86' lang='lat' dir='ltr'>navigiis,</span> <span class='ocrx_word' id='word_1_181' title='bbox 462 2388 498 2452; x_wconf 91' lang='lat' dir='ltr'>in</span> <span class='ocrx_word' id='word_1_182' title='bbox 524 2391 654 2452; x_wconf 90' lang='lat' dir='ltr'>tenuem</span> <span class='ocrx_word' id='word_1_183' title='bbox 683 2390 810 2454; x_wconf 84' lang='lat' dir='ltr'>alveum</span> <span class='ocrx_word' id='word_1_184' title='bbox 837 2391 971 2473; x_wconf 86' lang='lat' dir='ltr'>cogitur.</span> <span class='ocrx_word' id='word_1_185' title='bbox 1020 2390 1137 2476; x_wconf 90' lang='lat' dir='ltr'>Itaque</span> 
     </span>
     <span class='ocr_line' id='line_1_27' title="bbox 125 2476 1136 2544; baseline 0.002 -2"><span class='ocrx_word' id='word_1_186' title='bbox 125 2499 197 2542; x_wconf 91' lang='lat' dir='ltr'>oum</span> <span class='ocrx_word' id='word_1_187' title='bbox 234 2477 337 2542; x_wconf 88' lang='lat' dir='ltr'>crebri</span> <span class='ocrx_word' id='word_1_188' title='bbox 372 2477 487 2542; x_wconf 90' lang='lat' dir='ltr'>fluctus</span> <span class='ocrx_word' id='word_1_189' title='bbox 525 2498 559 2541; x_wconf 88' lang='lat' dir='ltr'>se</span> <span class='ocrx_word' id='word_1_190' title='bbox 595 2476 782 2542; x_wconf 85' lang='lat' dir='ltr'>inveherent</span> <span class='ocrx_word' id='word_1_191' title='bbox 817 2481 852 2542; x_wconf 90' lang='lat' dir='ltr'>et</span> <span class='ocrx_word' id='word_1_192' title='bbox 886 2478 1017 2543; x_wconf 89' lang='lat' dir='ltr'>navium</span> <span class='ocrx_word' id='word_1_193' title='bbox 1059 2478 1136 2544; x_wconf 89' lang='lat' dir='ltr'>hinc</span> 
     </span>
     <span class='ocr_line' id='line_1_28' title="bbox 124 2564 1136 2649; baseline 0.001 -19"><span class='ocrx_word' id='word_1_194' title='bbox 124 2587 252 2649; x_wconf 85' lang='lat' dir='ltr'>proras,</span> <span class='ocrx_word' id='word_1_195' title='bbox 279 2565 354 2629; x_wconf 92' lang='lat' dir='ltr'>hinc</span> <span class='ocrx_word' id='word_1_196' title='bbox 381 2565 485 2629; x_wconf 90' lang='lat' dir='ltr'>latera</span> <span class='ocrx_word' id='word_1_197' title='bbox 511 2564 692 2648; x_wconf 88' lang='lat' dir='ltr'>pulsarent,</span> <span class='ocrx_word' id='word_1_198' title='bbox 720 2565 894 2630; x_wconf 89' lang='lat' dir='ltr'>subducere</span> <span class='ocrx_word' id='word_1_199' title='bbox 921 2569 1040 2631; x_wconf 89' lang='lat' dir='ltr'>nautae</span> <span class='ocrx_word' id='word_1_200' title='bbox 1062 2568 1136 2631; x_wconf 88' lang='lat' dir='ltr'>vela</span> 
     </span>
     <span class='ocr_line' id='line_1_29' title="bbox 126 2650 1137 2737; baseline 0.004 -20"><span class='ocrx_word' id='word_1_201' title='bbox 126 2657 306 2737; x_wconf 86' lang='lat' dir='ltr'>coeperunt</span> <span class='ocrx_word' id='word_1_202' title='bbox 361 2650 423 2717; x_wconf 79' lang='lat' dir='ltr'>Sed</span> <span class='ocrx_word' id='word_1_203' title='bbox 454 2652 634 2717; x_wconf 87' lang='lat' dir='ltr'>ministeria</span> <span class='ocrx_word' id='word_1_204' title='bbox 665 2674 777 2718; x_wconf 89' lang='lat' dir='ltr'>eorum</span> <span class='ocrx_word' id='word_1_205' title='bbox 813 2653 888 2718; x_wconf 90' lang='lat' dir='ltr'>hinc</span> <span class='ocrx_word' id='word_1_206' title='bbox 919 2656 1020 2736; x_wconf 87' lang='lat' dir='ltr'>aestu,</span> <span class='ocrx_word' id='word_1_207' title='bbox 1059 2654 1137 2720; x_wconf 91' lang='lat' dir='ltr'>hinc</span> 
     </span>
     <span class='ocr_line' id='line_1_30' title="bbox 75 2740 1136 2824; baseline 0.007 -23"><span class='ocrx_word' id='word_1_208' title='bbox 75 2753 105 2802; x_wconf 89' lang='lat'>11</span> <span class='ocrx_word' id='word_1_209' title='bbox 124 2741 316 2824; x_wconf 88' lang='lat' dir='ltr'>praerapida</span> <span class='ocrx_word' id='word_1_210' title='bbox 339 2741 506 2805; x_wconf 88' lang='lat' dir='ltr'>celeritate</span> <span class='ocrx_word' id='word_1_211' title='bbox 527 2740 695 2804; x_wconf 89' lang='lat' dir='ltr'>fluminum</span> <span class='ocrx_word' id='word_1_212' title='bbox 719 2745 927 2824; x_wconf 91' lang='lat' dir='ltr'>occupantur.</span> <span class='ocrx_word' id='word_1_213' title='bbox 971 2741 1010 2807; x_wconf 92' lang='lat' dir='ltr'>In</span> <span class='ocrx_word' id='word_1_214' title='bbox 1032 2744 1136 2808; x_wconf 90' lang='lat' dir='ltr'>oculis</span> 
     </span>
     <span class='ocr_line' id='line_1_31' title="bbox 126 2828 1136 2914; baseline 0.004 -22"><span class='ocrx_word' id='word_1_215' title='bbox 126 2828 271 2892; x_wconf 90' lang='lat' dir='ltr'>omnium</span> <span class='ocrx_word' id='word_1_216' title='bbox 298 2828 360 2892; x_wconf 95' lang='lat' dir='ltr'>duo</span> <span class='ocrx_word' id='word_1_217' title='bbox 388 2828 514 2892; x_wconf 89' lang='lat' dir='ltr'>maiora</span> <span class='ocrx_word' id='word_1_218' title='bbox 534 2828 667 2912; x_wconf 86' lang='lat' dir='ltr'>navigia</span> <span class='ocrx_word' id='word_1_219' title='bbox 693 2829 859 2893; x_wconf 87' lang='lat' dir='ltr'>submersa</span> <span class='ocrx_word' id='word_1_220' title='bbox 889 2833 974 2895; x_wconf 91' lang='lat' dir='ltr'>sunt:</span> <span class='ocrx_word' id='word_1_221' title='bbox 1004 2831 1136 2914; x_wconf 81' lang='lat' dir='ltr'>leviora,</span> 
     </span>
     <span class='ocr_line' id='line_1_32' title="bbox 126 2915 1138 3001; baseline 0.003 -21"><span class='ocrx_word' id='word_1_222' title='bbox 126 2937 199 2980; x_wconf 89' lang='lat' dir='ltr'>cum</span> <span class='ocrx_word' id='word_1_223' title='bbox 227 2919 259 2979; x_wconf 91' lang='lat' dir='ltr'>et</span> <span class='ocrx_word' id='word_1_224' title='bbox 286 2915 358 2998; x_wconf 87' lang='lat' dir='ltr'>ipsa</span> <span class='ocrx_word' id='word_1_225' title='bbox 383 2916 555 2999; x_wconf 89' lang='lat' dir='ltr'>nequirent</span> <span class='ocrx_word' id='word_1_226' title='bbox 581 2916 669 3001; x_wconf 87' lang='lat' dir='ltr'>regi,</span> <span class='ocrx_word' id='word_1_227' title='bbox 691 2916 726 2980; x_wconf 92' lang='lat' dir='ltr'>in</span> <span class='ocrx_word' id='word_1_228' title='bbox 747 2916 851 3001; x_wconf 89' lang='lat' dir='ltr'>ripam</span> <span class='ocrx_word' id='word_1_229' title='bbox 874 2920 983 2981; x_wconf 89' lang='lat' dir='ltr'>tamen</span> <span class='ocrx_word' id='word_1_230' title='bbox 1004 2917 1138 2983; x_wconf 87' lang='lat' dir='ltr'>innoxia</span> 
     </span>
     <span class='ocr_line' id='line_1_33' title="bbox 127 3002 1137 3087; baseline 0.004 -21"><span class='ocrx_word' id='word_1_231' title='bbox 127 3003 260 3086; x_wconf 84' lang='lat' dir='ltr'>expulsa</span> <span class='ocrx_word' id='word_1_232' title='bbox 282 3007 365 3068; x_wconf 84' lang='lat' dir='ltr'>sunt.</span> <span class='ocrx_word' id='word_1_233' title='bbox 400 3002 475 3087; x_wconf 90' lang='lat' dir='ltr'>Ipse</span> <span class='ocrx_word' id='word_1_234' title='bbox 493 3025 550 3068; x_wconf 92' lang='lat' dir='ltr'>rex</span> <span class='ocrx_word' id='word_1_235' title='bbox 571 3002 606 3067; x_wconf 90' lang='lat' dir='ltr'>in</span> <span class='ocrx_word' id='word_1_236' title='bbox 623 3003 845 3087; x_wconf 88' lang='lat' dir='ltr'>rapidissimos</span> <span class='ocrx_word' id='word_1_237' title='bbox 860 3005 996 3070; x_wconf 80' lang='lat' dir='ltr'>vertices</span> <span class='ocrx_word' id='word_1_238' title='bbox 1014 3006 1137 3085; x_wconf 90' lang='lat' dir='ltr'>incidit,</span> 
     </span>
     <span class='ocr_line' id='line_1_34' title="bbox 128 3091 1137 3176; baseline 0.004 -22"><span class='ocrx_word' id='word_1_239' title='bbox 128 3092 242 3175; x_wconf 89' lang='lat' dir='ltr'>quibus</span> <span class='ocrx_word' id='word_1_240' title='bbox 270 3091 393 3155; x_wconf 89' lang='lat' dir='ltr'>intorta</span> <span class='ocrx_word' id='word_1_241' title='bbox 415 3091 507 3155; x_wconf 87' lang='lat' dir='ltr'>navis</span> <span class='ocrx_word' id='word_1_242' title='bbox 531 3092 663 3175; x_wconf 86' lang='lat' dir='ltr'>obliqua</span> <span class='ocrx_word' id='word_1_243' title='bbox 687 3096 719 3156; x_wconf 91' lang='lat' dir='ltr'>et</span> <span class='ocrx_word' id='word_1_244' title='bbox 742 3093 952 3175; x_wconf 81' lang='lat' dir='ltr'>gubernaculi</span> <span class='ocrx_word' id='word_1_245' title='bbox 973 3093 1137 3176; x_wconf 87' lang='lat' dir='ltr'>inpatiens</span> 
     </span>
     <span class='ocr_line' id='line_1_35' title="bbox 76 3177 1137 3264; baseline 0.005 -22"><span class='ocrx_word' id='word_1_246' title='bbox 76 3193 106 3242; x_wconf 77' lang='lat'>12</span> <span class='ocrx_word' id='word_1_247' title='bbox 127 3179 293 3263; x_wconf 82' lang='lat' dir='ltr'>agebatur.</span> <span class='ocrx_word' id='word_1_248' title='bbox 332 3177 402 3243; x_wconf 92' lang='lat' dir='ltr'>Iam</span> <span class='ocrx_word' id='word_1_249' title='bbox 426 3183 548 3243; x_wconf 86' lang='lat' dir='ltr'>vestem</span> <span class='ocrx_word' id='word_1_250' title='bbox 575 3179 759 3244; x_wconf 87' lang='lat' dir='ltr'>detraxerat</span> <span class='ocrx_word' id='word_1_251' title='bbox 782 3180 908 3263; x_wconf 88' lang='lat' dir='ltr'>corpori</span> <span class='ocrx_word' id='word_1_252' title='bbox 935 3181 1137 3264; x_wconf 89' lang='lat' dir='ltr'>proiecturus</span> 
     </span>
     <span class='ocr_line' id='line_1_36' title="bbox 128 3266 1137 3353; baseline 0.002 -21"><span class='ocrx_word' id='word_1_253' title='bbox 128 3272 229 3332; x_wconf 89' lang='lat' dir='ltr'>semet</span> <span class='ocrx_word' id='word_1_254' title='bbox 257 3267 292 3331; x_wconf 93' lang='lat' dir='ltr'>in</span> <span class='ocrx_word' id='word_1_255' title='bbox 318 3266 436 3329; x_wconf 90' lang='lat' dir='ltr'>flumen</span> <span class='ocrx_word' id='word_1_256' title='bbox 465 3267 636 3350; x_wconf 90' lang='lat' dir='ltr'>amicique,</span> <span class='ocrx_word' id='word_1_257' title='bbox 663 3269 700 3343; x_wconf 92' lang='lat' dir='ltr'>ut</span> <span class='ocrx_word' id='word_1_258' title='bbox 727 3267 910 3350; x_wconf 86' lang='lat' dir='ltr'>exciperent</span> <span class='ocrx_word' id='word_1_259' title='bbox 935 3290 1021 3353; x_wconf 89' lang='lat' dir='ltr'>eum,</span> <span class='ocrx_word' id='word_1_260' title='bbox 1049 3269 1137 3334; x_wconf 91' lang='lat' dir='ltr'>haud</span> 
     </span>
     <span class='ocr_line' id='line_1_37' title="bbox 127 3354 1139 3438; baseline 0.002 -18"><span class='ocrx_word' id='word_1_261' title='bbox 127 3355 239 3438; x_wconf 91' lang='lat' dir='ltr'>procul</span> <span class='ocrx_word' id='word_1_262' title='bbox 272 3355 395 3419; x_wconf 81' lang='lat' dir='ltr'>nebant</span> <span class='ocrx_word' id='word_1_263' title='bbox 428 3354 667 3438; x_wconf 88' lang='lat' dir='ltr'>adparebatque</span> <span class='ocrx_word' id='word_1_264' title='bbox 704 3376 819 3438; x_wconf 89' lang='lat' dir='ltr'>anceps</span> <span class='ocrx_word' id='word_1_265' title='bbox 855 3356 1035 3438; x_wconf 90' lang='lat' dir='ltr'>periculum</span> <span class='ocrx_word' id='word_1_266' title='bbox 1070 3361 1139 3422; x_wconf 89' lang='lat' dir='ltr'>tam</span> 
     </span>
     <span class='ocr_line' id='line_1_38' title="bbox 76 3441 1140 3528; baseline 0.007 -25"><span class='ocrx_word' id='word_1_267' title='bbox 76 3456 108 3503; x_wconf 85' lang='lat'>13</span> <span class='ocrx_word' id='word_1_268' title='bbox 127 3443 273 3508; x_wconf 86' lang='lat' dir='ltr'>nataturi</span> <span class='ocrx_word' id='word_1_269' title='bbox 301 3464 397 3526; x_wconf 91' lang='lat' dir='ltr'>quam</span> <span class='ocrx_word' id='word_1_270' title='bbox 424 3441 581 3524; x_wconf 81' lang='lat' dir='ltr'>navigare</span> <span class='ocrx_word' id='word_1_271' title='bbox 607 3443 850 3527; x_wconf 88' lang='lat' dir='ltr'>perseverantis.</span> <span class='ocrx_word' id='word_1_272' title='bbox 896 3441 986 3528; x_wconf 83' lang='lat' dir='ltr'>Ergo</span> <span class='ocrx_word' id='word_1_273' title='bbox 1013 3445 1140 3528; x_wconf 91' lang='lat' dir='ltr'>ingenti</span> 
     </span>
     <span class='ocr_line' id='line_1_39' title="bbox 129 3529 1139 3615; baseline 0.005 -21"><span class='ocrx_word' id='word_1_274' title='bbox 129 3531 301 3595; x_wconf 87' lang='lat' dir='ltr'>certamine</span> <span class='ocrx_word' id='word_1_275' title='bbox 317 3529 481 3596; x_wconf 87' lang='lat' dir='ltr'>concitant</span> <span class='ocrx_word' id='word_1_276' title='bbox 494 3550 599 3594; x_wconf 90' lang='lat' dir='ltr'>remos</span> <span class='ocrx_word' id='word_1_277' title='bbox 620 3533 801 3613; x_wconf 87' lang='lat' dir='ltr'>quantaque</span> <span class='ocrx_word' id='word_1_278' title='bbox 815 3531 865 3595; x_wconf 84' lang='lat' dir='ltr'>vis</span> <span class='ocrx_word' id='word_1_279' title='bbox 883 3530 1026 3597; x_wconf 91' lang='lat' dir='ltr'>humana</span> <span class='ocrx_word' id='word_1_280' title='bbox 1041 3534 1139 3615; x_wconf 88' lang='lat' dir='ltr'>[esse]</span> 
     </span>
    </p>
   </div>
   <div class='ocr_carea' id='block_1_3' title="bbox 0 0 1230 3908">
    <p class='ocr_par' dir='ltr' id='par_1_3' title="bbox 0 0 1230 3908">
     <span class='ocr_line' id='line_1_40' title="bbox 0 0 1230 3908; baseline 0 0"><span class='ocrx_word' id='word_1_281' title='bbox 0 0 1230 3908; x_wconf 95' lang='lat' dir='ltr'> </span> 
     </span>
    </p>
   </div>
  </div>
 </body>
</html>
