2444 3908
127 154 194 218 214
496 152 527 218 Q.
547 150 657 207 OURTI
673 151 759 206 RUFI

550 345 631 414 Onu.
653 345 708 413 XL
805 403 806 406 ,

92 484 107 534 1
213 471 299 538 Hine
324 471 525 555 Polypercon
547 471 588 535 ad
610 472 723 535 urbem
745 468 869 534 Noram
892 489 965 534 oum
987 469 1134 534 exercitu
1145 469 1186 534 39

125 561 241 626 missus
264 559 445 625 inconditos
464 558 641 642 oppidanos
663 557 787 641 proelio
810 558 901 622 vicit:
923 557 1012 622 intra
1030 557 1136 623 muni-

125 654 234 712 menta
259 648 430 731 conpulsos
459 651 585 711 secutus
612 648 726 711 urbem
752 647 787 710 in
813 645 971 710 dicionem
997 646 1135 729 redegit.

91 749 107 796 2
125 735 230 801 Multa
251 736 411 819 ignobilia
433 735 551 817 oppida
574 735 701 798 deserta
723 756 743 799 a
766 733 832 797 suis
854 754 969 798 venere
992 734 1026 798 in
1044 735 1135 817 regis

124 827 329 909 potestatem.
383 823 526 899 Quorum
552 823 676 900 incolae
704 821 821 885 armati
851 826 979 905 petram
1005 823 1136 886 Aornin

125 914 254 977 nomine
282 914 525 994 occupaverunt.
574 909 666 974 Hanc
693 910 733 974 ab
760 908 901 974 Hercule
927 909 1048 973 frustra
1077 909 1135 974 ob-

127 1022 250 1065 sessam
278 1021 347 1065 esse
374 1002 542 1082 terraeque
569 1002 659 1062 motu
687 1002 834 1076 coactum
862 997 1019 1062 absistere
1043 997 1135 1061 fama

92 1101 108 1148 3
126 1089 322 1171 vulgaverat.
357 1086 492 1169 Inopem
510 1086 635 1150 consilii
653 1085 881 1168 Alexandrum,
900 1085 975 1169 quia
993 1085 1134 1168 undique

127 1197 280 1258 praeceps
304 1179 337 1238 et
359 1175 498 1256 abrupta
519 1196 615 1257 rupes
634 1178 712 1257 erat,
735 1174 842 1238 senior
859 1173 989 1257 quidam
1007 1173 1133 1257 peritus

127 1263 271 1326 locorum
303 1283 374 1326 cum
407 1261 529 1325 duobus
557 1262 634 1325 filiis
667 1261 760 1343 adiit,
792 1262 819 1325 si
846 1261 987 1344 pretium
1015 1282 1134 1344 operae

92 1365 109 1411 4
128 1354 220 1430 esset,
240 1350 361 1413 aditum
380 1371 414 1414 se
432 1353 687 1413 monstraturum
705 1369 776 1413 esso
793 1349 996 1432 promittens.
1036 1365 1135 1414 Lm

126 1439 249 1502 talenta
285 1437 454 1502 constituit
490 1437 639 1501 daturum
675 1437 859 1501 Alexander
895 1441 928 1501 et
959 1438 1061 1504 altero
1094 1459 1134 1502 ex

126 1525 296 1589 iuvenibus
316 1524 427 1589 obside
444 1529 570 1589 retento
589 1525 695 1608 ipsum
714 1525 754 1589 ad
768 1525 960 1609 exequenda,
978 1546 1059 1607 quae
1079 1525 1134 1590 ob-

92 1626 108 1675 o
127 1614 257 1696 tulerat,
275 1613 406 1678 dimisit.
437 1611 568 1677 Leviter
586 1615 719 1678 armatis
736 1613 799 1676 dux
814 1613 907 1678 datus
922 1616 972 1677 est
985 1613 1133 1697 Mylleas,

128 1702 234 1766 scriba
250 1702 345 1786 regis.
389 1701 459 1766 Hos
479 1701 566 1765 enim
585 1703 728 1785 circuitu,
747 1723 809 1785 quo
827 1702 979 1766 fallerent
996 1702 1133 1784 hostem,

92 1790 162 1854 oin
186 1812 345 1854 summum
372 1790 485 1873 iugum
506 1789 655 1872 placebat
682 1790 823 1854 evadere.
871 1789 968 1852 Petra
991 1811 1069 1868 non,
1097 1793 1134 1852 ut

127 1879 308 1963 pleraeque,
331 1877 466 1942 modicis
490 1898 526 1941 ac
549 1877 700 1941 mollibus
724 1878 815 1942 clivis
833 1877 868 1941 in
887 1877 1024 1941 sublime
1042 1877 1134 1941 fasti-

127 1967 216 2051 gium
236 1967 358 2048 crescit,
382 1966 437 2029 sed
456 1965 490 2029 in
512 1969 617 2030 metae
636 1966 774 2029 maxime
796 1966 926 2029 modurn
946 1968 1052 2030 erecta
1076 1970 1133 2045 est,

127 2056 216 2119 cuius
242 2054 309 2118 ima
336 2053 531 2136 spatiosiora
558 2057 646 2136 sunt,
673 2054 790 2117 altiora
814 2054 849 2116 in
877 2053 977 2117 artius
1007 2058 1133 2134 coeunt,

93 2156 251 2206 asumma
282 2142 316 2204 in
344 2144 472 2204 acutum
501 2162 653 2205 cacumen
680 2144 850 2224 exurgunt.
899 2140 1036 2206 Radices
1063 2142 1132 2205 eius

126 2229 225 2292 Indus
253 2229 356 2292 amnis
380 2228 481 2310 subit,
503 2229 681 2311 praealtus,
705 2228 869 2311 utrimque
893 2229 1016 2310 asperis
1039 2229 1133 2313 ripis:

128 2317 169 2381 ab
197 2316 299 2380 altera
320 2319 414 2399 parte
436 2316 608 2398 voragines
633 2316 813 2399 eluviesque
835 2320 1026 2400 praeruptae
1049 2322 1134 2382 sunt.

92 2403 196 2470 8Nec
223 2405 288 2470 alia
314 2404 517 2489 expugnandi
540 2404 674 2486 patebat
700 2403 766 2483 via,
793 2425 891 2488 quam
913 2410 950 2469 ut
972 2404 1133 2487 repleren-

126 2498 189 2560 tur.
229 2493 280 2557 Ad
299 2515 432 2557 manum
455 2493 539 2558 silva
562 2495 639 2576 erat,
661 2514 758 2575 quam
780 2514 836 2556 rex
855 2494 902 2557 ita
921 2493 1009 2557 caedi
1028 2493 1134 2576 iussit,

127 2586 164 2647 ut
186 2583 263 2647 nudi
286 2582 414 2664 stipites
435 2580 624 2664 iacerentur,
647 2581 765 2664 quippe
788 2580 871 2644 rami
890 2580 1002 2645 fronde
1020 2581 1135 2646 vestiti

125 2671 325 2753 inpedissent
356 2669 506 2734 ferentes.
553 2668 628 2752 Ipse
659 2670 783 2752 primus
810 2673 957 2734 truncam
985 2669 1134 2734 arborem
1165 2659 1173 2675 ⁸

126 2759 203 2822 iecit
222 2758 404 2839 clamorque
423 2757 590 2840 exercitus,
612 2756 707 2821 index
726 2757 914 2840 alacritatis,
937 2761 1064 2822 secutus
1083 2762 1136 2822 est

92 2845 215 2909 anullo
239 2845 435 2908 detrectante
458 2866 587 2927 munus,
617 2844 702 2927 quod
724 2867 780 2909 rex
803 2849 999 2929 occupasset.
1027 2840 1135 2909 ⁴Intra
1144 2844 1187 2911 40

127 2933 302 3015 septimum
329 2932 412 2995 diem
437 2953 589 2996 cavernas
613 2933 832 3015 expleverant,
859 2955 931 2998 cum
953 2955 1009 2998 rex
1032 2934 1133 3016 sagit·

8 3038 10 3041 ’
126 3022 226 3087 tarios
255 3023 288 3084 et
315 3020 478 3104 Agrianos
506 3020 597 3084 iubet
623 3041 681 3102 per
708 3020 807 3084 ardua
833 3020 907 3085 niti:
939 3021 1134 3106 iuvenesque

76 3123 109 3172 ιο
126 3107 386 3192 promptissimos
419 3129 457 3171 ex
489 3130 547 3172 sua
579 3108 710 3173 cohorte
741 3125 812 3173 xxx
844 3109 972 3192 delegit.
1027 3108 1135 3175 Duces

126 3199 177 3262 his
206 3197 274 3261 dati
302 3199 378 3260 sunt
400 3193 523 3262 Charus
547 3201 580 3261 et
602 3195 798 3274 Alexander,
826 3219 921 3280 quem
949 3219 1004 3262 rex
1031 3198 1136 3263 nomi·

126 3287 191 3369 nis,
215 3285 299 3370 quod
323 3283 385 3348 sibi
408 3305 480 3348 cum
504 3305 540 3348 eo
565 3306 731 3349 commune
750 3290 848 3368 esset,
872 3286 1050 3351 admonuit.
1086 3285 1136 3351 Ac

126 3375 245 3459 primo,
273 3373 349 3457 quia
375 3375 445 3436 tam
472 3372 679 3436 manifestum
705 3373 883 3455 periculum
911 3379 996 3459 erat,
1026 3375 1135 3458 ipsum

76 3475 108 3524 11
126 3485 237 3548 regem
264 3461 436 3527 discrimen
463 3460 569 3524 subire
596 3481 661 3525 non
688 3460 820 3543 placuit:
853 3460 908 3524 sed
935 3466 977 3551 ,ut
1004 3463 1135 3546 signum

127 3553 206 3616 tuba
229 3552 340 3614 datum
368 3552 431 3633 est,
457 3548 508 3613 vir
530 3547 680 3613 audaciae
703 3551 874 3631 promptae
897 3555 1069 3615 conversus
1091 3550 1135 3616 ad
