2444 3908
320 131 575 187 HISTORIARUM
593 131 811 187 ALEXANDRI
829 132 876 200 VI,
897 138 921 189 t.
1060 133 1121 198 127

115 274 171 340 der
194 275 353 339 adsuevit:
382 275 512 358 eiusque
535 276 674 340 maxime
696 277 845 360 precibus
868 280 975 342 motus
998 277 1123 342 Nabar·

114 363 186 427 zani
208 364 342 447 ignovit.

66 453 103 516 19
201 451 295 535 Erat,
326 455 363 516 ut
394 473 491 534 supra
522 450 642 516 dictum
674 455 740 532 est,
769 450 953 534 Hyrcaniae
985 452 1124 518 finitima
1142 469 1175 516 al

115 559 194 623 gens
218 539 433 623 Amazonum,
451 540 545 604 ,circa
572 539 814 605 Thermodonta
841 561 967 605 amnem
995 540 1123 605 Themi·

114 648 224 712 scyrae
248 626 457 692 incolentium
485 648 623 711 campos
668 627 827 712 Reginam
854 627 1018 693 habebant
1040 629 1123 694 Tha·
1143 645 1176 692 as

113 715 242 799 lestrin,
273 716 422 780 omnibus
452 716 538 780 inter
565 713 744 780 Caucasum
771 719 913 780 montem
942 721 975 781 et
1001 716 1124 781 Phasin

115 825 242 868 amnem
260 803 510 886 imperitantem.
546 802 635 868 Haec
653 804 801 887 cupidine
820 804 946 868 visendi
963 805 1049 888 regis
1073 826 1125 868 ac·

115 912 210 956 censa
236 891 354 955 finibus
381 892 474 975 regni
502 892 552 956 sui
575 893 712 957 excessit
734 897 779 975 et,
810 912 882 956 cum
905 891 990 956 haud
1013 893 1125 975 procul

115 980 252 1062 abesset,
274 980 442 1062 praemisit
464 979 653 1063 indicantes,
676 981 801 1044 venisse
823 979 970 1062 reginam
989 980 1124 1044 adeundi

115 1068 182 1132 eius
203 1068 477 1152 cognoscendique
500 1067 635 1132 avidam.
680 1067 831 1132 Protinus
854 1067 941 1132 facta
962 1071 1178 1150 potestatem

116 1156 272 1237 veniendi,
296 1156 414 1220 ceteris
433 1155 530 1220 iussis
554 1155 738 1239 subsistere,
760 1156 914 1220 trecentis
932 1156 1125 1220 feminarum

115 1244 269 1309 comitata
304 1244 469 1327 processit.
522 1242 630 1326 Atque
662 1251 699 1307 ut
726 1244 867 1327 primum
898 1264 955 1307 rex
986 1244 1022 1308 in
1054 1265 1124 1309 con·
1200 1294 1202 1298 -

117 1334 228 1414 spectu
254 1331 330 1415 fuit,
362 1352 442 1416 equo
472 1333 544 1415 ipsa
570 1331 700 1396 desiluit
728 1331 808 1396 duas
836 1333 965 1396 lanceas
993 1332 1125 1396 dextera

115 1419 307 1502 praeferens.
356 1417 467 1487 Vestis
493 1440 561 1484 non
587 1423 657 1484 toto
685 1419 886 1485 Amazonum
913 1420 1042 1503 corpori
1069 1421 1124 1484 ob·
1144 1438 1177 1485 ar

116 1508 255 1572 ducitur:
286 1530 363 1572 nam
389 1509 484 1572 laeva
510 1528 586 1590 pars
614 1507 654 1572 ad
682 1513 793 1592 pectus
821 1512 871 1572 est
893 1508 992 1591 nuda,
1020 1511 1126 1573 cetera

116 1596 230 1660 deinde
253 1597 412 1660 velantur.
455 1595 524 1660 Nec
546 1599 657 1660 tamen
680 1596 767 1661 sinus
792 1597 900 1680 vestis,
924 1618 1017 1679 quern
1041 1596 1124 1660 nodo

116 1684 287 1767 colligunt,
318 1683 405 1747 intra
432 1702 537 1765 genua
564 1683 736 1749 descendit.
785 1683 899 1748 Altera
930 1684 1053 1768 papilla
1081 1684 1126 1747 in·
1145 1703 1178 1751 28

115 1774 205 1835 tacta
241 1775 400 1852 servatur,
437 1792 501 1853 qua
537 1771 705 1834 muliebris
743 1793 837 1835 sexus
868 1771 989 1835 liberos
1022 1772 1125 1835 alant:

117 1858 262 1923 aduritur
289 1856 433 1938 dextera,
464 1859 502 1921 ut
529 1878 621 1921 arcus
648 1857 776 1922 facilius
804 1859 973 1922 intendant
1001 1862 1033 1921 et
1060 1859 1127 1922 tela

116 1947 254 2013 vibrent.
306 1944 459 2009 interrito
497 1945 590 2009 vultu
623 1965 732 2029 regem
766 1945 947 2010 Thalestris
979 1945 1125 2010 intueba·
1144 1967 1178 2015 29

116 2039 184 2116 tur,
213 2034 363 2107 habitum
392 2031 459 2097 eius
481 2032 729 2116 haudquaquam
752 2054 859 2097 rerum
882 2033 987 2097 famae
1014 2055 1127 2116 parem

117 2122 217 2188 oculis
250 2123 463 2206 perlustrans:
496 2121 613 2204 quippe
642 2121 790 2185 omnibus
817 2121 965 2185 barbaris
997 2122 1033 2185 in
1061 2143 1127 2186 ccr-

116 2232 232 2295 porum
254 2211 424 2275 maiestate
447 2209 611 2274 veneratio
640 2212 690 2272 est
716 2228 971 2293 magnorumque
994 2230 1127 2293 operum

116 2321 183 2363 non
213 2299 293 2363 alios
324 2319 456 2381 capaces
483 2300 613 2381 putant,
643 2319 740 2380 quam
767 2319 848 2381 quos
876 2298 993 2361 eximia
1020 2298 1126 2381 specie

118 2387 235 2450 donare
257 2391 374 2451 natura
392 2386 526 2470 dignata
545 2390 603 2450 est.
649 2384 799 2450 Ceterum
817 2386 1026 2469 interrogata,
1049 2408 1127 2449 num
1146 2407 1180 2454 eo

118 2474 240 2558 aliquid
257 2479 369 2559 petere
387 2474 492 2555 vellet,
510 2472 596 2537 haud
616 2472 777 2537 dubitavit
789 2472 884 2536 fateri
899 2472 939 2536 ad
954 2474 1127 2536 communi-

119 2562 235 2628 candos
258 2583 330 2626 cum
358 2582 434 2646 rege
462 2560 583 2624 liberos
607 2561 804 2642 sevenisse,
832 2560 976 2643 dignam,
1004 2581 1043 2623 ex
1066 2582 1129 2643 qua

117 2652 186 2735 ipse
209 2651 300 2734 regni
324 2651 494 2732 generaret
516 2647 663 2711 heredes:
685 2647 832 2711 feminini
856 2670 949 2711 sexus
969 2669 1003 2711 se
1022 2653 1126 2712 reten-

117 2743 238 2821 turam,
262 2757 383 2801 marem
407 2735 606 2799 reddituram
629 2735 723 2816 patri.
769 2735 964 2816 Alexander,
990 2756 1032 2799 an
1056 2756 1128 2800 cum

117 2827 190 2910 ipso
214 2825 355 2888 militare
378 2824 490 2904 vellet,
516 2823 706 2907 interrogat.
750 2822 794 2887 Et
816 2823 873 2887 illa
896 2827 1036 2907 causata,
1059 2825 1128 2888 sine
1147 2847 1179 2894 31

119 2913 251 2978 custode
275 2931 409 2995 regnum
432 2911 614 2994 reliquisse,
636 2915 746 2994 petere
769 2911 1008 2994 perseverabat,
1031 2933 1071 2975 ne
1095 2934 1129 2976 se

119 3001 252 3065 inritam
294 3000 362 3082 spei
400 3000 489 3064 abire
525 3001 699 3082 pateretur.
757 3000 872 3065 Acrior
909 3000 948 3063 ad
981 3020 1181 3070 veneremur

119 3089 257 3154 feminae
281 3088 396 3171 cupido
416 3110 513 3172 quam
532 3087 627 3170 regis,
650 3091 687 3150 ut
705 3109 825 3171 paucos
844 3088 910 3153 dies
930 3088 1130 3172 subsisteret,
1166 3116 1179 3155 ᾳ

118 3178 270 3263 perpulit.
320 3195 383 3241 xm
416 3177 483 3241 dies
511 3177 546 3239 in
579 3175 769 3257 obsequium
803 3175 952 3241 desiderii
980 3177 1047 3241 eius
1075 3177 1142 3242 ab..

120 3267 240 3350 sumpti
264 3270 347 3331 sunt.
389 3265 473 3331 'lum
496 3265 554 3329 illa
577 3282 712 3346 regnum
731 3286 833 3350 suum,
855 3287 911 3330 rex
933 3264 1066 3331 Parthie

117 3356 310 3440 petiverunt.
1073 3380 1086 3389 ··
