2444 3908
283 153 538 209 HISTORIARUM
556 154 770 210 ALEXANDRI
787 154 862 226 VIII,
881 161 905 210 b.
1040 154 1103 218 199

97 300 187 362 aetas
220 297 455 381 spopondisset.
504 296 626 373 Quodsi
663 299 758 362 ceteri
791 298 954 383 dubitent,
988 303 1158 364 semetra

96 387 216 469 ipsum,
242 407 314 450 cunr
338 407 395 449 rex
412 386 527 450 inisset
546 386 741 469 convivium,
758 389 996 468 prostraturum
1014 386 1106 451 humi

97 493 222 557 corpus.
275 472 400 537 Debere
435 473 522 537 idem
558 473 663 537 facere
700 475 821 537 ceteros
854 478 888 539 et
923 475 958 539 in
991 474 1105 558 primis

98 560 259 644 sapientia
290 561 466 643 praeditos:
503 562 543 625 ab
576 562 643 625 illis
675 560 762 625 enim
794 562 898 626 cultus
929 563 965 626 in
996 583 1106 646 regem

20 772 24 780 .
98 648 617 820 tttddtttttltttt:
650 648 942 801 daleth?
956 648 1107 820 prist.
1126 659 1159 707 1³

98 825 233 889 libertas
251 824 440 889 inviscerat
455 825 534 909 regi,
553 824 647 908 quasi
660 825 748 888 solus
762 823 955 890 Macedonas
974 828 1105 908 paratos

48 911 140 977 19ad
166 913 232 976 tale
257 911 447 996 obsequium
473 916 662 977 moraretur.
706 911 739 975 Is
766 915 837 976 tum
865 912 993 977 silentio
1020 912 1107 977 facto
1127 920 1161 970 14

98 1021 200 1064 unum
226 999 319 1064 illum
342 998 541 1064 intuentibus
564 1000 696 1082 ceteris,
719 997 766 1063 ‘Si
789 998 866 1082 rex',
888 1000 1009 1084 inquit,
1032 999 1108 1064 ‘ser-

98 1087 188 1152 moni
205 1090 262 1152 tuo
282 1087 447 1170 adfuisset,
463 1087 586 1151 nullius
604 1086 749 1170 profecto
763 1109 825 1152 vox
842 1088 1029 1171 responsuri
1045 1087 1109 1151 tibi

100 1174 349 1241 desideraretur:
371 1175 441 1258 ipse
455 1176 542 1239 enim
555 1177 688 1258 peteret,
702 1196 742 1239 ne
756 1175 790 1240 in
803 1175 992 1261 peregrinos
1006 1179 1109 1240 exter·

100 1283 222 1346 nosque
235 1263 318 1326 ritus
333 1262 526 1346 degenerare
540 1284 574 1327 se
588 1283 719 1347 cogeres
733 1283 796 1327 neu
809 1262 906 1328 rebus
922 1263 1108 1328 felicissime

100 1350 202 1435 gestis
225 1349 381 1415 invidiam
403 1351 464 1415 tali
487 1350 670 1416 adulatione
693 1351 907 1416 contraheres.
946 1350 1008 1415 Sed
1032 1357 1161 1435 quo-1⁵

100 1439 189 1502 niam
211 1438 322 1521 abest,
341 1452 401 1522 ego
424 1439 487 1503 tihi
508 1461 568 1523 pro
590 1439 649 1503 illo
671 1438 865 1524 responde0,
892 1439 1016 1504 nullum
1039 1460 1108 1503 esse

101 1526 236 1596 eundem
251 1529 284 1591 et
302 1525 487 1616 distortum
506 1529 539 1591 et
556 1547 769 1610 praecoquem
785 1526 926 1592 fructum
942 1526 1110 1592 caelestes·

101 1635 162 1698 que
183 1614 323 1679 honores
341 1612 407 1678 non
431 1615 561 1678 darete
584 1614 664 1697 regi,
687 1614 742 1678 sed
765 1613 898 1679 auferre.
932 1613 1109 1679 Intervallo

102 1702 190 1765 enim
212 1722 293 1784 opus
313 1704 376 1784 est,
398 1705 435 1766 ut
453 1699 601 1764 credatur
618 1699 712 1784 deus,
730 1719 919 1784 semperque
935 1700 1020 1766 hanc
1038 1721 1111 1785 gra·

43 1800 46 1802 ’
101 1789 183 1853 tiam
206 1788 333 1871 magnis
356 1788 433 1852 viris
457 1788 580 1869 posteri
597 1787 743 1852 reddunt.
782 1787 854 1871 Ego
878 1792 986 1852 autem
1005 1809 1110 1852 seram
1130 1797 1164 1846 lo

102 1876 372 1939 inmortalitatem
394 1895 509 1957 precor
530 1875 612 1958 regi,
634 1880 672 1940 ut
695 1879 728 1939 et
750 1875 818 1940 vita
842 1874 994 1939 diuturna
1016 1876 1059 1939 sit
1078 1878 1111 1939 et

103 1966 234 2028 aeterna
265 1963 428 2063 maiestas.
481 1961 657 2064 Hominem
689 1962 895 2045 consequitur
927 1963 1111 2045 aliquando,

101 2048 864 2205 tttttthttlttssttlhmtttttt
880 2048 1163 2221 llttttit.‚¹⁷

100 2227 237 2292 ferebas.
290 2225 443 2292 Credisne
474 2226 549 2291 illos
581 2227 674 2292 unius
707 2227 845 2291 convivii
874 2225 1000 2291 decreto
1034 2225 1111 2290 deos

100 2315 227 2381 factos?
277 2313 372 2380 Prius
404 2315 445 2380 ab
478 2315 580 2380 oculis
606 2316 792 2379 mortalium
826 2315 962 2379 amolita
995 2317 1112 2379 natura

102 2407 167 2487 est,
194 2424 291 2487 quam
317 2403 351 2466 in
379 2403 502 2466 caelum
528 2402 618 2467 fama
643 2402 842 2486 perveheret
892 2400 1023 2467 Scilicet
1050 2421 1110 2485 ego
1131 2411 1165 2460 18

103 2494 136 2555 et
161 2493 212 2575 tu,
239 2488 332 2573 cleo,
361 2488 437 2553 deos
464 2489 612 2554 facimus:
645 2511 665 2553 a
695 2489 790 2553 nohis
823 2487 1003 2552 divinitatis
1036 2509 1112 2552 suae

103 2579 330 2643 auctoritatem
362 2578 551 2659 accepturus
589 2577 638 2640 est
673 2576 746 2639 rex-l
800 2574 985 2638 Potentiam
1022 2578 1113 2638 tuam

103 2666 244 2816 illl}
261 2662 580 2814 ltttttttttm
593 2662 867 2815 tablith
887 2665 980 2813 pii
999 2660 1113 2814 tta
1133 2759 1165 2808 a

104 2774 180 2904 siqcer
206 2774 347 2920 linvidia,
384 2859 465 2920 quae
497 2771 598 2902 Cleoq
613 2837 706 2922 dixit,
743 2772 902 2902 dudierint
938 2771 1113 2921 eodenquue

104 2946 212 3008 cursu,
238 2945 302 3008 quo
329 2924 449 2989 fluxere
477 2925 580 2990 adhuc
606 2947 669 3007 res,
697 2925 745 2991 ire
768 2925 941 3008 patiantur.
983 2925 1113 2990 Nostris

104 3012 248 3077 moribus
267 3011 371 3077 velint
388 3033 448 3076 nos
468 3034 538 3077 esse
557 3016 733 3077 contentos.
767 3012 843 3078 Non
861 3014 960 3098 pudet
979 3014 1114 3096 patriae,

102 3122 162 3165 nec
185 3099 345 3178 desidere,
369 3099 410 3164 ad
433 3122 528 3183 quem
551 3102 682 3166 modum
704 3121 760 3164 rex
783 3101 863 3164 mihi
888 3101 1037 3165 colendus
1063 3102 1113 3183 sit,

103 3210 125 3254 a
145 3188 231 3255 ciotts
254 3189 384 3253 discere.
426 3186 512 3264 Quos
537 3189 683 3272 equidem
702 3189 840 3255 victores
863 3211 931 3253 esse
951 3190 1114 3270 confiteor,

51 3276 94 3341 20
103 3278 131 3341 si
158 3278 199 3341 ab
225 3277 291 3342 illis
319 3276 423 3359 leges,
456 3276 526 3359 quis
553 3277 713 3357 vivamus,
748 3277 941 3359 accipimus.'
992 3275 1113 3358 Aequis
1132 3284 1166 3332 20

104 3365 235 3429 auribus
255 3363 485 3445 Callisthenes,
507 3364 608 3428 veluti
633 3364 747 3428 vindex
770 3366 919 3448 publicae
943 3362 1114 3443 libertatis,

105 3451 302 3516 audiebatur.
342 3451 557 3535 Expresserat
579 3472 645 3516 non
674 3453 897 3516 adsensionem
921 3451 1030 3532 modo,
1058 3449 1113 3512 sed

103 3539 200 3602 etiam
230 3559 343 3604 vocem
371 3539 531 3603 seniorum
559 3540 744 3622 praecipue,
772 3539 888 3621 quibus
911 3537 1020 3619 gravis
1045 3540 1115 3602 erat
