2444 3908
147 37 169 98 4
440 1 442 3 ’
517 32 549 98 o.
567 32 676 88 euarr
693 32 779 86 aum

111 180 301 264 aequitum,
329 178 562 263 quinquaginta
583 178 673 242 milia
695 177 837 260 peditum
858 175 1030 241 habebant.
1075 172 1158 239 Bar·

146 288 299 332 canorum
326 267 469 351 equitum
495 266 558 330 duo
580 266 669 330 milia
690 266 793 347 fuere,
821 264 936 328 armati
959 263 1158 345 bipennibus

144 354 331 438 levibusque
359 355 457 418 scutis
480 356 585 418 cetrae
606 353 745 417 maxime
768 351 906 436 speciem
928 351 1157 416 reddentibus:

110 442 288 524 epeditum
311 442 421 507 decem
451 442 540 506 milia
570 441 641 524 pari
670 444 795 504 armatu
823 439 1046 525 sequebantur.
1091 439 1156 505 Ar·

144 530 242 595 menii
281 530 495 615 quadraginta
529 530 620 594 mitia
659 529 813 593 miserant
852 527 995 609 peditum
1035 525 1157 592 additis

144 621 268 700 septem
290 619 421 683 milibus
443 619 594 701 equiturn.
625 615 771 700 Hyrcani
789 615 990 702 egregiorum
1008 615 1157 700 quitum,

143 708 180 769 ut
210 707 294 771 inter
325 707 397 771 illas
429 709 554 790 gentes,
593 725 648 768 sex
678 705 768 769 milia
799 703 1004 786 expleverant
1034 703 1156 770 additis

44 860 52 879 ,
109 813 124 862 v
144 795 304 878 equitibus
322 794 410 858 mille
426 793 571 875 Tapuris.
606 791 758 857 Derbices
777 791 990 876 quadraginta
1006 791 1156 873 peditum

143 882 232 946 milia
263 884 476 946 armaverant:
512 880 656 964 pluribus
690 901 762 944 aere
794 882 849 943 aut
879 877 964 944 ferro
991 879 1155 961 praefixae

142 968 267 1053 hastae,
293 968 422 1053 quidam
449 968 573 1052 lignum
596 968 665 1051 igni
687 969 888 1032 duraverant
932 965 1002 1032 Hos
1025 988 1156 1054 quoque

106 1077 124 1125 8
143 1057 205 1121 duo
228 1057 317 1120 milia
339 1057 481 1139 equitum
505 1077 544 1119 ex
566 1057 676 1119 eadem
700 1060 795 1139 gente
807 1054 970 1120 ‚comitata
993 1058 1077 1119 sunt.
1120 1059 1156 1122 A

143 1143 259 1226 Caspio
288 1145 370 1207 mari
397 1147 469 1207 octo
496 1144 620 1207 milium
648 1145 795 1227 pedester
823 1143 979 1209 exercitus
1009 1148 1156 1231 venerat,

142 1231 270 1294 ducenti
292 1231 424 1315 equites.
456 1229 536 1295 Cum
559 1231 599 1295 iis
623 1236 714 1295 erant
736 1232 895 1315 ignobiles
918 1232 1000 1296 aliae
1023 1236 1154 1316 gentes:

142 1318 203 1382 duo
226 1319 316 1382 milia
338 1318 496 1401 peditum,
526 1319 669 1401 equitum
692 1319 849 1401 duplicem
876 1323 1069 1400 paraverant
1091 1343 1154 1386 nu-

105 1427 272 1474 amerum.
312 1405 372 1470 His
396 1407 496 1489 copiis
519 1407 654 1490 triginta
676 1408 765 1470 milia
788 1407 983 1470 Graecorum
1005 1410 1154 1475 mercede

141 1494 297 1558 conducta
320 1494 468 1579 egregiae
490 1494 665 1558 iuventutis
688 1494 819 1560 adiecta.
856 1491 941 1557 Nam
959 1493 1153 1563 Bactrianos

140 1585 173 1644 et
194 1579 374 1665 Sogdianos
401 1585 435 1645 et
455 1580 552 1645 Indos
575 1584 759 1663 ceterosque
780 1581 869 1646 rubri
891 1581 990 1647 maris
1015 1583 1154 1669 accolas,

139 1669 251 1752 ignota
281 1671 378 1734 etiam
409 1669 472 1751 ipsi
501 1669 645 1753 gentium
672 1670 816 1754 nomina,
848 1671 1012 1736 festinatio
1042 1671 1153 1753 prohi-

88 1778 121 1826 10
139 1757 237 1822 bebat
259 1757 363 1823 acciri.
393 1755 462 1823 Nee
480 1757 651 1841 quicquam
669 1757 718 1822 illi
735 1760 841 1824 minus
861 1781 958 1844 quam
975 1760 1152 1825 multitudo

139 1846 277 1910 militum
296 1845 433 1928 defuit...
441 1843 540 1911 Cuius
557 1850 627 1910 tum
645 1846 811 1912 universae
831 1852 960 1929 aspectu
978 1844 1152 1913 admodum
1167 1851 1191 1916 5

138 1934 241 1998 laetus
264 1935 449 2017 purpuratis
468 1935 565 1998 solita
585 1935 728 1997 vanitate
752 1957 841 2017 spem
864 1937 932 1999 eius
952 1935 1151 2020 inflantibus

138 2041 309 2084 conversus
337 2021 377 2083 ad
401 2019 627 2084 Charidemum
653 2019 884 2085 Atheniensem
910 2022 987 2086 belli
1008 2022 1151 2104 peritum

139 2110 171 2170 et
197 2107 238 2169 ab
267 2107 396 2169 exilium
418 2104 571 2169 infestum
594 2106 778 2170 Alexandro
802 2144 844 2153 -
868 2111 986 2193 quippe
1008 2109 1149 2176 Athenis

137 2194 267 2258 iubente
290 2214 328 2257 eo
346 2191 452 2257 fuerat
469 2193 619 2276 expulsus
637 2197 872 2276 -percontari
890 2199 1004 2282 coepit,
1027 2198 1150 2263 satisne

87 2303 119 2350 11
138 2281 168 2345 ei
189 2281 351 2345 videretur
371 2281 548 2345 instructus
568 2281 609 2344 ad
627 2281 836 2346 obterendum
853 2284 988 2349 hostem.
1022 2286 1068 2348 At
1085 2286 1149 2371 ille,

138 2373 171 2433 et
193 2391 268 2435 suae
292 2369 387 2434 sortis
408 2371 441 2433 et
457 2369 564 2454 regiae
583 2370 751 2452 superbiae
769 2371 901 2437 oblitus:
925 2372 1079 2456 ‘Verum’,
1101 2375 1149 2436 in-

139 2459 220 2543 quit,
253 2458 302 2521 ‘et
329 2460 366 2522 tu
392 2456 531 2523 forsitan
558 2457 667 2523 audire
693 2459 783 2523 noles
811 2463 842 2523 et
870 2481 943 2545 ego,
975 2462 1040 2525 nisi
1061 2482 1150 2527 nunc

86 2565 118 2615 12
138 2545 260 2628 dixero,
290 2547 369 2610 alias
396 2547 590 2630 nequiquam
622 2547 806 2629 confitebor.
850 2547 913 2613 Hie
939 2551 1023 2614 tanti
1050 2570 1149 2632 appa-

137 2636 226 2696 ratus
259 2634 429 2716 exereitus,
460 2633 538 2699 haec
569 2637 621 2701 tot
647 2636 792 2718 'gentium
820 2639 854 2699 et
879 2639 979 2704 totius
1007 2637 1150 2703 Orientis

138 2721 241 2784 exeita
268 2720 396 2785 sedibus
421 2722 486 2785 suis
509 2721 609 2785 moles
632 2722 777 2788 finitimis
800 2727 910 2807 potest
932 2746 1001 2789 esse
1021 2725 1150 2789 terribi-

137 2809 191 2874 lis:
220 2808 304 2872 nitet
326 2830 468 2891 purpura
491 2830 646 2894 auroque,
672 2809 777 2894 fulget
800 2812 897 2876 armis
921 2816 954 2875 et
977 2813 1152 2899 opulentia,

138 2898 306 2980 quantam,
338 2896 394 2980 qui
421 2895 520 2961 oculis
547 2919 614 2962 non
637 2897 812 2981 subiecere,
845 2900 960 2964 animis
983 2901 1150 2984 concipere

87 3005 118 3053 13
138 3004 205 3047 non
227 2987 373 3066 possunt.
403 2981 465 3048 Sed
478 2982 690 3049 Macedonum
714 2985 807 3069 acies,
828 2989 923 3050 torva
946 3009 1023 3052 sane
1046 2993 1079 3051 et
1100 2989 1150 3054 in-

138 3072 237 3149 culta,
269 3071 377 3154 clipeis
404 3070 571 3156 hastisque
598 3072 778 3148 immobiles
805 3094 922 3138 euneos
950 3078 982 3138 et
1004 3074 1152 3141 conferta

22 3198 25 3203 >
137 3160 255 3223 robora
272 3159 413 3223 virorum
432 3160 521 3244 tegit.
559 3159 627 3243 Ipsi
644 3161 839 3245 phalangem
857 3165 983 3246 vocant,
1005 3163 1152 3246 peditum

140 3245 254 3312 stabile
274 3267 405 3332 agmen:
429 3246 478 3311 vir
496 3247 574 3330 viro,
597 3249 695 3314 armis
719 3269 808 3312 arma
831 3253 979 3314 conserta
999 3255 1086 3316 sunt:
1109 3253 1152 3318 ad
1191 3248 1197 3259 '

139 3338 255 3400 nutum
281 3335 443 3399 monentis
470 3335 585 3400 intenti
615 3338 705 3421 sequi
732 3337 841 3421 signa,
873 3338 1000 3404 ordines
1024 3362 1151 3405 servare

86 3443 120 3492 14
139 3422 325 3489 didicerunt.
368 3422 461 3500 Quod
487 3424 678 3509 imperatur,
706 3445 817 3490 omnes
841 3425 1028 3494 exaudiunt:
1066 3429 1152 3495 obsi-

70 3578 97 3775 l

910 3754 930 3840 ,ἲ
