2444 3908
76 119 114 176 VI
296 113 302 123 ’
391 120 597 176 ADNOTATIO
618 120 767 176 cultros.

146 265 205 318 onir
223 263 341 317 Antonii
359 263 390 316 22
409 263 540 318 eiusmodi
556 263 682 330 ferrariis
700 265 860 332 disputatio,
878 266 949 320 2122.
968 283 1082 336 prorum.

146 333 191 388 ΙΙ.
206 338 259 388 101
297 331 599 387 imoveriFreirrst.
628 349 738 387 morere
777 341 808 389 16
828 335 1083 404 alterumNini‚

146 403 291 456 alterum
309 403 382 456 erat
399 401 476 456 Beli
494 403 594 471 Soutip.
629 402 898 458 alterinalterutrum
915 405 985 459 belli
1049 413 1082 461 21

144 472 230 539 XXX
247 472 386 526 milibus
403 473 510 545 Laeter]
641 481 675 528 23
695 477 728 529 22
745 491 830 542 quae
851 476 888 546 P]
910 478 940 530 22
958 476 1007 544 qui
1027 477 1050 530 O

146 550 181 598 24
198 542 280 598 LXV
298 543 405 614 Miller]
425 543 472 596 LX
508 549 542 598 26
560 542 668 598 facies
687 545 817 626 Scheffer]
837 545 912 600 acies

93 615 121 676 4.
148 613 404 682 linregionem
418 613 495 685 Aio]
510 613 654 682 regionem
720 615 1081 688 timrtantesEossrrer]

145 685 275 738 imitante
313 690 344 738 12
364 683 397 737 22
416 684 600 738 subeuntes
621 684 739 756 Ginaia]
761 687 911 740 subeuntes

90 756 118 812 2.
144 763 158 809 1
186 771 260 808 2222
287 755 448 822 coeperat
476 755 568 826 Orati]
599 757 747 823 exceperat
823 764 838 810 '1
865 755 1085 824 penetrarint

145 827 243 896 Bothe]
262 825 442 893 penetrarent
477 831 493 878 9
512 825 553 879 ob
570 825 633 878 hoc
652 825 770 896 Jaaius]
791 826 899 881 adhoc

93 897 122 952 6.
148 903 180 951 10
198 898 256 950 tuo
274 893 426 948 trahitur
443 895 523 966 Hap]
535 891 665 949 'trahitur
715 901 747 949 12
766 897 908 950 maxime
925 897 1022 950 modo
1044 899 1082 978 P]

144 965 229 1020 modo
246 963 366 1018 maxime
386 964 410 1018 0
451 965 607 1019 elocutus
628 967 668 1036 P]
687 965 798 1020 locutus
818 969 841 1021 0
885 973 918 1021 19
937 966 1085 1021 militarr

148 1037 186 1108 P]
206 1035 236 1089 in
253 1050 283 1089 re
301 1033 418 1088 militari
437 1036 461 1090 0
499 1042 533 1090 20
552 1036 766 1090 venerandus
785 1037 891 1109 Louer]
911 1038 1084 1091 verecundus

95 1108 123 1163 t.
148 1116 163 1163 6
181 1105 388 1174 praemissus
407 1106 481 1159 erat
498 1106 630 1177 Hedicke]
650 1106 833 1175 praemiserat
896 1114 928 1160 12
947 1107 1084 1160 maiori-

147 1177 208 1230 bus
227 1175 350 1246 Aricini]
370 1175 494 1228 moribus

94 1249 122 1303 8.
147 1254 163 1302 3
181 1244 375 1315 proditioni
393 1247 506 1316 Kitier]
526 1245 716 1315 proditionem
784 1254 816 1301 17
835 1245 871 1301 22
887 1247 1083 1301 maritimas

152 1316 271 1387 722222]
289 1314 444 1370 maritimas
494 1316 674 1385 explorare
691 1333 748 1371 rex
765 1318 875 1388 scripsi]
896 1317 1040 1386 explorare

146 1394 180 1442 20
199 1402 296 1454 quam
313 1387 390 1468 2222]
411 1402 558 1466 quamque·
585 1393 620 1441 26
639 1385 768 1442 animos
782 1386 942 1460 incessit]
963 1388 1056 1442 animo

93 1531 123 1586 9.
146 1456 396 1583 iuhaanirijiiirebiii)
410 1457 598 1597 ffofffflalrid
616 1527 732 1581 dubium
781 1535 815 1583 10
832 1527 979 1582 Thracia
995 1529 1082 1583 Euss-

145 1597 343 1723 oer]Graec1a
397 1604 430 1651 12
449 1598 535 1668 2222]
556 1614 586 1652 22
607 1598 668 1669 [et]
709 1598 777 1653 Poto
790 1601 987 1668 parapropiias
1004 1602 1085 1655 22222

146 1671 255 1724 incuso
272 1674 311 1722 est

76 1741 124 1798 10.
149 1748 164 1794 '1
182 1740 235 1793 tot
254 1739 293 1809 P]
312 1737 370 1791 iam
388 1739 432 1792 tot
451 1737 471 1792 0
526 1738 639 1794 omnia
656 1756 878 1808 quaecunque
896 1741 1009 1820 scripsi]
1027 1755 1084 1794 om·

145 1809 194 1863 nia
212 1825 338 1877 quaeque
392 1815 409 1864 8
428 1808 565 1865 2222222.
597 1810 645 1864 Ab
663 1809 716 1864 his
737 1811 848 1881 Zumpt]
870 1810 967 1865 dedita
984 1826 1025 1864 e1s

76 1881 123 1936 11.
146 1886 164 1934 4
182 1878 318 1933 inmissi
332 1879 413 1951 Foss]
428 1877 522 1950 ipsi(e)
560 1880 700 1950 egregie
713 1897 825 1950 regem
838 1883 948 1952 scripsi]
963 1897 1059 1949 regem

147 1958 163 2007 8
182 1949 216 2004 in
233 1949 353 2021 paucis
371 1949 525 2020 insignis
542 1953 653 2024 scripsi]
677 1951 708 2004 in
725 1951 901 2020 paucissimis
990 1957 1006 2003 9
1026 1949 1084 2017 qui

148 2019 237 2076 circa
255 2021 291 2092 I]
312 2020 387 2074 circa
467 2028 501 2076 10
520 2021 667 2076 Sabaces
698 2021 827 2075 Tasiaces
910 2025 943 2073 15
962 2036 1084 2088 graves

146 2089 182 2144 in
200 2107 304 2158 genus
322 2105 455 2170 pugnae
473 2092 581 2146 securri.
596 2092 674 2145 Foss.
708 2091 744 2143 ob
763 2091 794 2144 id
811 2106 899 2159 genus
918 2105 1017 2158 graves
1037 2107 1085 2159 ng-

145 2175 211 2214 men
283 2176 353 2213 surs
372 2161 440 2231 eos]
461 2159 519 2213 suis
592 2167 623 2214 17
643 2161 780 2214 2222222
797 2160 920 2230 Acidct]
941 2159 1055 2214 2222222

147 2237 181 2284 20
209 2246 306 2297 quam
333 2246 452 2298 capere
478 2232 622 2298 possent
643 2230 784 2300 Hedicke]
818 2231 925 2285 Desunt
949 2233 1031 2284 22222
1053 2233 1086 2283 ia

147 2302 223 2356 2222.
295 2307 328 2355 22
348 2299 437 2354 omni
454 2300 585 2371 Hedicke]
610 2299 705 2355 omnia
775 2306 809 2354 26
827 2299 937 2353 Dareo
959 2300 986 2352 P
1022 2317 1086 2353 cum

146 2370 281 2426 DareoO
348 2378 383 2425 23
401 2369 491 2425 veris
510 2370 633 2494 Ginaia]
652 2369 756 2424 veteris
801 2377 859 2424 27
879 2369 922 2425 IV
939 2369 983 2423 mi
1003 2370 1086 2424 iaD

147 2441 277 2511 Hedicke]
298 2440 361 2496 IVD
433 2439 508 2496 OOC
526 2441 617 2494 Hodie
633 2441 658 2510 e]
678 2439 755 2493 XXX

77 2511 124 2567 12.
150 2519 183 2566 10
209 2511 394 2581 procedere
413 2511 505 2582 Mod]
528 2510 681 2578 producere
772 2517 804 2564 12
831 2491 872 2563 At
890 2509 1085 2563 Leonnatus

146 2583 257 2654 scripsi]
276 2581 435 2637 Leonnatus
508 2588 540 2635 13
558 2578 734 2649 permittit
750 2581 777 2634 B
791 2581 828 2651 L]
848 2579 975 2649 permitti
989 2580 1020 2634 F
1030 2580 1090 2633 VP

148 2659 181 2708 16
205 2650 314 2721 magis
336 2651 389 2706 ius
411 2652 521 2773 scripsi]
546 2650 590 2704 ius
679 2657 714 2705 20
736 2652 805 2704 tam
827 2652 855 2703 B
868 2651 895 2704 L
908 2651 936 2704 B
956 2651 995 2721 V]
1023 2666 1087 2703 eam

148 2723 218 2791 Fe)
290 2728 325 2776 24
343 2737 406 2776 222
423 2720 497 2775 invi
525 2720 559 2774 ia
577 2719 712 2792 dignus]
733 2723 762 2775 et
779 2723 812 2775 ut
828 2721 910 2775 video
930 2719 1032 2789 dignus

77 2794 124 2849 la.
150 2801 163 2847 1
184 2791 252 2862 qui]
273 2794 359 2860 atque
427 2792 619 2860 satrapam
642 2791 794 2860 opperiri
812 2808 846 2846 se
870 2789 1087 2859 conperisset

147 2863 282 2934 Eussner]
303 2864 466 2931 satrapam)
486 2861 658 2930 conperisset
707 2869 729 2916 3·
743 2861 797 2916 cni
814 2861 970 2916 traderet
983 2875 1086 2928 qnae-

147 2950 278 3000 cunque
298 2934 411 3004 Zumpt]
437 2949 545 3001 cunque
618 2941 632 2987 ‘t
658 2932 694 2985 hi
716 2949 788 2987 cum
809 2931 952 2985 hiemem
973 2931 1084 3002 scripsi]

147 3002 260 3057 hicum
330 3003 486 3073 procella
505 3004 545 3074 P]
566 3004 595 3057 et
612 3002 737 3071 procella
807 3009 823 3056 9
843 3001 917 3069 quis
937 3001 999 3056 sub
1018 3003 1087 3070 Jeep

149 3075 252 3196 (1868)]
273 3072 323 3140 qui
341 3075 393 3128 sub
462 3081 493 3127 11
514 3073 742 3127 cernebantur
761 3074 797 3144 1]
818 3073 985 3127 eruebantur
1010 3140 1016 3151 Ι
1054 3078 1086 3124 12

148 3146 219 3199 2222
253 3159 331 3198 uere
352 3145 394 3269 Ρ]
414 3142 532 3198 fussee
588 3150 619 3198 12
638 3143 808 3211 filiusque
825 3143 957 3213 Hedicke]
977 3141 1051 3194 fihus

151 3221 185 3270 16
204 3231 330 3283 expers.
361 3214 445 3270 Iem
464 3212 558 3282 capti
577 3214 677 3284 sunt]
705 3214 961 3269 Desurrtoerbairr
980 3212 1010 3266 O.
1048 3211 1088 3265 In

148 3288 320 3354 interpolatis
339 3286 417 3341 tibris
439 3287 538 3354 tepitar
558 3285 674 3353 ‘expers’
690 3290 754 3353 post
779 3283 950 3353 ‘purpurati'
1054 3288 1087 3337 16

148 3354 236 3409 facti
254 3354 391 3424 argenti
409 3355 499 3425 Mori]
519 3353 602 3408 facile
621 3353 731 3424 argenti
796 3360 827 3408 lt
848 3352 882 3407 22
901 3351 968 3406 2222
987 3367 1088 3422 saepe

148 3426 279 3480 ultores
297 3427 405 3482 222222.
424 3424 516 3496 Fors]
537 3425 697 3494 sepulturae
