2444 3908
321 113 572 168 HISTORIARUM
590 112 804 167 ALEXANDBI
821 112 860 181 V,
879 118 903 167 9.
1067 110 1130 174 103

123 259 270 342 petimus,
291 257 487 340 praefectum
510 256 650 340 regionis
674 256 741 320 eius
764 254 900 319 Bessum
922 274 1031 339 regem
1050 256 1129 317 tem-

123 346 210 428 poris
233 345 339 428 gratia
359 349 546 407 statuamus:
568 344 657 406 rebus
679 344 854 426 conpositis
876 343 962 407 iusto
982 341 1051 426 regi
1069 342 1130 404 tibi

68 432 113 496 27
123 432 323 511 fiduciarium
363 432 510 494 restituet
546 428 740 512 imperium?
797 428 894 493 Haud
930 431 1046 507 mirum
1083 434 1164 497 este

124 518 264 583 Dareum
290 540 356 582 non
377 522 573 599 temperasse
596 517 717 599 anime,
748 538 954 600 quamquam,
981 520 1049 580 tam
1071 517 1129 580 im·

124 607 196 690 piae
231 607 303 671 voci
333 609 488 688 quantum
518 604 610 668 nefas
640 604 794 687 subesset,
829 605 960 667 latebat.
1008 603 1129 687 ltaque,

125 691 344 775 ‘Pessimum',
365 693 482 774 inquit,
506 691 730 774 ‘mancipium
752 690 921 774 repperisti
944 694 1129 773 exoptatum

127 780 186 843 tibi
207 783 345 862 tempus,
368 800 431 861 quo
453 779 660 862 parricidium
682 777 847 861 aperiresl'
870 777 1044 859 strictoque
1067 779 1128 841 aci·
1150 800 1183 847 ro

125 887 204 930 nece
230 866 454 930 interfecturus
482 888 555 930 eum
582 866 766 949 videbatur,
797 866 832 929 ni
854 886 988 948 propere
1010 862 1128 929 Bessus

124 952 364 1037 Bactrianique,
409 954 497 1035 quaa
533 954 795 1037 deprecarentur,
838 952 981 1016 tristium
1016 952 1129 1034 specie,

124 1043 281 1123 ceterum,
317 1041 345 1104 si
379 1044 610 1124 perseveraret,
646 1041 797 1125 vincturi,
837 1039 1128 1104 circumstetissent.

124 1127 330 1193 Nabarzanes
347 1127 476 1191 interim
494 1129 630 1212 elapsus,
651 1150 726 1192 mox
745 1132 776 1192 et
788 1126 906 1192 Bessus
925 1130 1128 1191 consecutus:
1150 1147 1180 1194 11

123 1217 247 1300 copias,
278 1215 393 1298 quibus
419 1219 602 1299 praeerant,
634 1238 653 1279 a
684 1219 789 1280 cetero
820 1215 959 1279 exercitu
986 1215 1128 1279 secedere

123 1305 237 1368 iubent
265 1306 424 1367 secretum
451 1303 562 1366 inituri
588 1303 766 1368 consilium.
809 1302 989 1367 Artabazus
1016 1323 1181 1371 conve-12

123 1393 266 1455 nientem
293 1391 454 1473 praesenti
479 1391 627 1454 fortunae
650 1391 843 1455 sententiam
866 1412 957 1454 orsus
980 1390 1129 1474 mitigare

123 1478 273 1560 Dareum,
295 1482 477 1562 temporum
496 1479 670 1542 identidem
688 1479 872 1560 admonens,
890 1477 1009 1560 eoepit:
1033 1478 1130 1542 ferret

121 1587 226 1649 aequo
250 1567 357 1629 animo
380 1567 670 1650 qualiumcumque,
695 1587 825 1631 suorum
847 1569 956 1629 tamen
979 1567 1030 1629 vel
1052 1566 1129 1628 stul-

123 1654 230 1717 titiam
253 1654 303 1718 vel
326 1674 474 1717 errorem.
517 1652 642 1717 Instare
664 1653 728 1716 iam
751 1652 968 1716 Alexandrum
991 1673 1129 1736 gravem,

123 1741 250 1803 etiamsi
277 1761 387 1803 omnes
414 1744 542 1822 praesto
570 1743 689 1804 essent:
725 1740 801 1822 quid
823 1739 980 1822 futurum,
1010 1741 1037 1804 si
1059 1762 1130 1823 per-

126 1827 227 1890 secuti
256 1826 367 1909 fugam
395 1826 496 1907 ipsius
524 1826 723 1889 alienentur?
769 1824 875 1909 Aegre
901 1827 1009 1908 paruit
1035 1828 1182 1894 Arta-13

125 1914 205 1976 bazo
229 1915 273 1995 et,
305 1934 498 1995 quamquam
520 1934 646 1977 movere
669 1915 775 1976 eastra
797 1915 966 1995 statuerat,
992 1914 1129 1978 turbatis

124 2004 235 2063 tamen
264 2000 407 2063 omnium
434 1998 548 2062 animis
576 1999 686 2062 eodem
712 2000 747 2062 in
772 1999 843 2063 loco
871 1999 1024 2062 substitit.
1069 1997 1130 2064 Sed

123 2087 283 2151 attonitus
310 2087 471 2150 maestitia
498 2085 592 2150 simul
619 2087 652 2150 et
677 2085 896 2169 desperatione
922 2087 1129 2151 tabernaculo

125 2195 159 2239 se
186 2173 324 2238 inclusit.
368 2173 456 2258 Ergo
482 2174 666 2257 incastris,
692 2196 772 2258 quae
794 2175 913 2239 nullius
936 2175 1131 2259 regebantur
1150 2195 1182 2242 14

123 2262 267 2345 imperi0,
289 2262 370 2325 varii
392 2262 572 2326 animorum
589 2265 696 2326 motus
715 2266 807 2326 erant
824 2284 884 2327 neo
901 2263 937 2327 in
954 2284 1129 2346 commune,

124 2352 162 2412 ut
183 2352 266 2433 ante,
289 2350 521 2414 consulebatur.
557 2348 630 2414 Dux
644 2349 839 2415 Graecorum
856 2351 994 2414 militum
1007 2350 1130 2414 Patron
1150 2369 1182 2416 15

122 2457 215 2500 arma
233 2457 345 2520 capere
362 2459 436 2501 suos
454 2437 543 2501 iubet
559 2441 752 2520 paratosque
771 2459 839 2501 esse
856 2438 896 2501 ad
911 2438 1130 2519 exequendum

124 2523 309 2607 imperium:
342 2523 455 2588 Persae
478 2528 686 2587 secesserant:
713 2524 831 2587 Bessus
855 2545 926 2586 cum
949 2523 1129 2588 Bactrianis
1150 2544 1182 2592 re

122 2615 193 2674 erat
215 2612 455 2694 temptabatque
473 2610 587 2674 Persas
611 2611 775 2693 abducere,
796 2608 914 2673 Bactra
937 2615 969 2673 et
990 2611 1130 2676 intactae

124 2699 265 2782 regionis
289 2699 441 2781 opulenta
459 2697 624 2780 simulque,
647 2719 727 2781 quae
745 2697 949 2762 manentibus
962 2699 1130 2782 instarent,

123 2785 265 2866 pericula
288 2787 460 2847 ostentans.
495 2783 665 2848 Persarum
688 2786 831 2849 omnium
854 2786 964 2849 eadem
984 2787 1051 2850 fere
1069 2787 1131 2852 fuit

124 2892 200 2953 vox,
230 2871 322 2934 nefas
350 2891 419 2934 esse
446 2871 546 2935 deseri
573 2893 690 2956 regem.
733 2872 823 2937 Inter
849 2872 928 2938 haec
951 2873 1129 2940 Artabazus
1150 2893 1182 2942 1⁷

123 2957 275 3020 omnibus
297 2959 508 3040 imperatoriis
530 2959 725 3044 fungebatur
744 2961 870 3025 officiis:
893 2962 946 3024 ille
960 2961 1130 3026 Persarum

124 3043 331 3108 tabernacula
354 3045 530 3128 circumire,
556 3047 692 3129 hortari,
715 3070 844 3112 monere
867 3071 953 3112 nunc
976 3050 1130 3133 singulos,

123 3152 209 3196 nunc
231 3132 396 3197 universos
418 3154 484 3198 non
508 3138 583 3198 ante
602 3135 732 3217 destitit,
756 3158 852 3219 quam
871 3137 950 3200 satis
969 3141 1130 3201 constaret

123 3219 281 3302 imperata
316 3220 465 3286 facturos.
518 3221 608 3285 Idem
640 3244 734 3307 aegre
766 3246 786 3287 a
811 3223 916 3287 Dareo
948 3225 1131 3308 inpetravit,

123 3310 161 3369 ut
182 3308 289 3372 eibum
311 3313 439 3393 caperet
461 3310 664 3395 animumque
686 3311 781 3375 rebus
805 3311 990 3377 adverteret
