2444 3908
144 134 207 197 110
514 130 547 196 Q.
566 129 675 186 CURTI
693 131 780 185 RUFI

143 277 241 341 animi
274 276 388 340 fuisset
419 274 460 339 ad
488 275 657 358 proelium,
694 278 850 356 quantum
879 274 919 338 ad
945 272 1158 355 parricidium

142 365 256 428 fuerat.
291 362 438 447 Namque
462 365 495 426 et
516 383 648 426 numero
671 362 801 425 barbari
821 360 1031 444 praestabant
1049 363 1083 424 et
1100 383 1156 426 ro·

142 452 232 515 bore:
270 451 310 514 ad
341 452 403 515 hoc
434 450 546 514 refecti
578 470 650 512 cum
680 448 826 533 fatigatis
853 452 1013 513 certarnen
1037 447 1158 513 inituri

92 561 125 608 14
143 541 243 601 erant.
293 536 355 602 Sed
383 559 501 602 nomen
526 536 701 600 Alexandri
729 536 886 618 etfama,
913 535 1089 599 maximum
1116 535 1156 600 in

142 627 227 690 bello
261 626 371 709 utique
403 627 613 707 momentum,
648 623 781 706 pavidos
813 625 848 687 in
878 622 991 706 fugam
1024 623 1155 688 avertit

92 735 124 783 15
141 712 260 777 Bessus
291 734 367 777 vero
400 716 433 776 et
464 713 560 776 ceteri
588 711 740 776 facinoris
768 711 835 774 eius
861 710 1034 794 participes
1062 710 1155 774 vehi·
1166 712 1207 776 3⁷

64 872 68 879 ,
142 802 249 865 culum
280 800 378 865 Darei
414 799 556 863 adsecuti
590 801 765 880 coeperunt
798 796 921 862 hortari
953 818 1039 879 eum,
1075 818 1154 863 con-

92 909 124 958 16
144 888 309 953 scanderet
336 909 452 972 equum
480 890 513 950 et
537 907 571 950 se
592 886 681 950 hosti
694 886 781 969 -fuga
797 886 947 968 eriperet
991 883 1049 949 Ille
1073 884 1156 951 deos

143 977 263 1040 ultores
295 976 406 1040 adesse
437 976 575 1038 testatur
606 977 639 1038 at
660 972 835 1037 Alexandri
861 972 956 1036 fidem
983 972 1155 1054 inplorans

142 1066 242 1146 negat
264 1084 297 1126 se
319 1061 494 1145 parricidas
516 1062 597 1125 velle
620 1062 775 1125 comitari.
810 1060 893 1124 Tum
912 1080 988 1123 vero
1006 1059 1055 1122 111
1073 1080 1154 1142 quo·

143 1170 203 1232 que
236 1150 360 1213 accensi
391 1149 457 1211 tela
489 1149 650 1213 coniciunt
678 1151 713 1212 in
739 1169 848 1232 regem
875 1147 1047 1230 multisque
1075 1167 1155 1213 con·

91 1256 123 1304 11
141 1237 266 1298 fossum
296 1235 481 1298 vulneribus
511 1235 707 1318 relinquunt
759 1235 906 1299 Iumenta
939 1255 1078 1317 quoquc,
1109 1257 1154 1299 nc

142 1322 271 1405 longius
293 1323 444 1405 prosequi
465 1327 611 1405 possent,
638 1323 871 1387 convulnerant
893 1322 1017 1385 duobus
1041 1321 1156 1406 servis,

92 1411 198 1492 isqui
220 1430 329 1493 regem
352 1409 604 1491 comitabantur,
627 1410 748 1474 occisis.
792 1408 864 1473 Hoc
890 1409 976 1473 edito
998 1409 1155 1493 facinore,

142 1500 179 1561 ut
205 1497 342 1580 vestigia
363 1497 459 1582 fugae
483 1499 685 1581 spargerent,
715 1495 922 1560 Nabarzanes
945 1495 1155 1580 Hyrcaniam,

141 1582 260 1647 Bessus
282 1583 401 1647 Bactra
429 1584 539 1666 paucis
567 1585 709 1667 equitum
737 1584 964 1648 comitantibus
987 1584 1155 1667 petebant.

141 1670 277 1736 Barbari
304 1672 436 1736 ducibus
464 1672 621 1754 destituti,
650 1693 714 1755 qua
740 1692 896 1755 quemque
919 1675 976 1735 aut
998 1692 1070 1754 spes
1094 1670 1152 1734 du·

143 1759 236 1823 cebet
258 1762 315 1822 aut
336 1780 445 1843 pavor,
468 1753 719 1842 dissipabantur:
742 1763 913 1823 utentum
932 1758 1055 1843 equites
1074 1779 1154 1823 con·

143 1855 357 1931 gregaverant
377 1869 420 1931 sc,
442 1848 556 1911 incerti
574 1847 687 1930 adhuc,
709 1847 856 1911 resistere
875 1847 987 1910 melius
1005 1848 1091 1909 esset
1109 1867 1155 1911 111

92 1953 124 2001 19
143 1935 264 2020 fugere.
308 1935 489 1999 Alexander
514 1936 656 1999 hostium
681 1935 894 2017 trepidatione
918 1937 1070 2016 conperta
1093 1931 1154 1998 Ni·

144 2044 293 2087 canorem
327 2044 400 2085 cum
432 2022 575 2105 equitum
606 2024 696 2104 parte
729 2022 770 2085 ad
801 2020 1007 2084 inhibendam
1038 2021 1155 2104 fugam

144 2110 275 2172 emittit:
303 2109 371 2191 ipse
399 2130 471 2172 cum
500 2109 613 2171 ceteris
643 2109 793 2191 sequitur.
842 2107 918 2169 Tria
939 2107 1039 2168 ferme
1061 2108 1159 2172 milia

142 2195 325 2257 resistentia
348 2195 452 2257 occisa
470 2198 554 2275 sunt,
576 2195 734 2277 reliquum
752 2213 868 2276 agmen
886 2191 1043 2274 pecudum
1061 2212 1157 2261 more

142 2281 300 2344 intactum
327 2280 483 2363 agebatur
507 2280 637 2344 iubente
659 2299 747 2364 rege,
777 2282 816 2342 ut
837 2279 985 2342 caedibus
1009 2278 1156 2346 abstine·

91 2389 125 2437 ao
143 2370 239 2431 retur.
283 2365 386 2432 Nemo
418 2367 617 2451 captivorum
648 2370 730 2449 erat,
761 2366 817 2451 qui
845 2368 1026 2430 monstrare
1051 2365 1155 2434 Darei

143 2456 324 2520 vehiculum
359 2458 482 2539 posset:
523 2455 665 2539 singula,
699 2458 736 2518 ut
771 2474 913 2538 quaeque
947 2453 1154 2539 prenderent,

144 2545 382 2628 scrutabantur,
412 2565 471 2607 nec
497 2545 607 2606 tamen
628 2543 729 2606 ullum
751 2542 923 2625 vestigium
944 2542 1040 2626 fugae
1063 2544 1154 2627 regis

34 2674 37 2679 -
92 2653 124 2699 21
144 2632 283 2695 extabat.
313 2631 533 2695 Festinantem
547 2629 765 2694 Alexandrum
781 2630 836 2692 vix
852 2647 890 2692 nl
903 2628 992 2692 milia
1006 2629 1152 2711 equitum

143 2722 311 2800 persecuta
337 2722 420 2782 sunt.
469 2719 515 2782 At
540 2719 665 2800 ineos,
697 2719 751 2802 qui
781 2717 899 2781 lentius
927 2716 1153 2802 sequebantur,

92 2827 125 2874 aa
143 2805 328 2868 incidebant
349 2806 497 2868 universa
518 2805 711 2888 fugientium
734 2805 872 2888 agmina.
914 2803 978 2868 Vix
1001 2803 1152 2868 credibile

145 2893 244 2973 dictu,
270 2893 379 2974 plures
402 2892 519 2974 captivi
541 2914 651 2974 quam,
673 2891 729 2974 qui
750 2893 914 2974 caperent,
936 2893 1040 2954 crant:
1070 2889 1152 2957 adeo

145 3000 272 3044 omnem
298 3000 427 3043 sensum
448 2979 568 3043 territis
590 2978 722 3043 fortuna
743 2979 871 3060 penitus
894 2981 1088 3061 excusserat,
1114 2982 1153 3043 ut

15 3110 21 3121 ι
144 3088 202 3131 nec
229 3066 371 3130 hostium
396 3067 591 3149 paucitatem
617 3087 675 3130 nec
698 3066 935 3129 multitudinem
958 3087 1049 3129 suam
1072 3065 1152 3131 satis

144 3156 320 3218 cernerent.

93 3264 125 3311 23
232 3241 366 3305 Interim
392 3242 546 3324 iumenta,
578 3261 659 3323 quac
685 3239 827 3304 Dareum
855 3240 1029 3322 vehebant,
1059 3241 1151 3306 nullo
1162 3240 1208 3306 38

144 3333 275 3414 regente
303 3329 505 3392 decesserant
531 3328 661 3392 militari
688 3327 741 3391 via
769 3331 802 3391 et
828 3348 932 3392 errore
960 3328 1066 3391 delata
1092 3349 1153 3411 per

146 3421 298 3502 quattuor
325 3416 429 3481 stadia
459 3417 494 3479 in
526 3415 663 3499 quadam
695 3415 777 3479 valle
804 3415 1027 3497 constiterant,
1058 3418 1153 3481 aestu

93 3527 127 3574 24
146 3507 302 3591 simulque
329 3504 513 3570 vulneribus
535 3503 680 3587 fatigata.
724 3501 821 3567 Haud
841 3503 954 3586 procul
976 3505 1045 3566 erat
1065 3500 1154 3586 fons,
