2444 3908
77 116 83 129 ’
143 159 209 224 208
516 159 547 224 o.
567 157 677 214 cuam
694 158 780 214 eurr

144 323 333 387 magnorum
359 301 518 366 montium
549 303 626 386 iuga
652 306 741 367 recto
775 303 866 367 alveo
898 300 1043 385 stringit:
1077 302 1155 365 inde

107 404 126 452 a
146 414 218 457 eum
242 391 388 455 obiectae
410 411 505 474 rupes
527 391 684 454 inclinant
702 390 742 454 ad
761 389 925 455 orientem
966 389 1073 472 Alter,
1097 391 1155 472 qui

144 480 241 544 rubro
267 479 350 543 mari
373 478 542 562 accipitur,
570 477 683 561 Indus,
706 478 794 561 ripas
817 478 998 562 multasque
1021 476 1154 541 arbores

146 589 218 632 eum
237 588 354 651 magna
370 567 431 630 soli
449 569 542 649 parte
560 566 719 649 exsorbet,
738 566 823 630 saxis
838 587 965 649 quoque
981 565 1156 649 inpeditus,

110 656 216 739 aquis
245 656 355 719 crebro
382 654 617 718 reverberatur:
648 653 705 718 ubi
732 653 863 718 mollius
892 653 998 718 solum
1023 655 1156 737 reperit,

109 753 127 802 8
147 745 279 828 stagnat
301 742 487 824 insulasque
509 742 651 806 molitur.
694 739 849 806 Acesines
872 762 945 806 eum
969 745 1080 825 auget:
1104 741 1156 806 de·

146 852 313 896 cursurum
345 830 380 894 in
411 851 499 894 mare
525 829 626 895 Indus
656 829 823 913 intercipit
853 849 1035 914 magnoque
1064 831 1156 894 motu

147 920 248 984 amnis
272 923 406 1002 uterque
429 917 605 1001 colliditur,
632 917 750 1001 quippe
774 939 923 1001 asperum
946 939 982 982 os
1005 917 1154 982 influent‘

111 1018 127 1067 9
147 1007 248 1072 obicit
268 1028 328 1071 neo
346 1027 550 1088 repercussae
573 1027 675 1090 aquae
696 1006 820 1070 cedunt.
855 1003 1027 1071 Diardines
1046 1005 1155 1070 minus

147 1096 271 1160 celeber
303 1094 414 1159 auditu
446 1098 509 1176 est,
546 1095 622 1176 quia
656 1115 715 1177 per
749 1093 866 1158 ultima
896 1092 1010 1157 Indiae
1041 1094 1156 1158 currit:

148 1185 289 1247 ceterum
325 1204 391 1246 non
423 1181 600 1246 crocodilos
632 1181 729 1246 modo
760 1182 810 1245 uti
837 1179 933 1246 Nilus
965 1181 1022 1246 sed
1054 1182 1156 1246 etiam

95 1281 129 1330 10
147 1268 317 1352 delphinos
340 1269 532 1351 ignotasque
557 1267 629 1333 aliis
657 1268 806 1354 gentibus
834 1270 947 1334 beluas
971 1269 1036 1334 alit
1072 1269 1156 1352 Ety-

147 1356 312 1440 mandrus,
334 1357 455 1420 crebris
478 1357 614 1421 flexibus
638 1357 771 1421 subinde
790 1361 955 1440 curvatus,
977 1357 1018 1420 ab
1038 1358 1155 1422 accolis

147 1445 329 1527 rigantibus
352 1443 508 1526 carpitur:
532 1465 570 1508 ea
592 1447 771 1527 causaest,
796 1466 852 1510 cur
869 1449 982 1510 tenues
1000 1444 1155 1529 reliquias

97 1543 128 1591 11
147 1533 213 1596 iam
232 1532 302 1595 sine
319 1532 450 1596 nomine
472 1532 506 1595 in
526 1554 613 1596 mare
637 1533 772 1598 emittat.
807 1533 921 1598 Multis
944 1537 1073 1616 praeter
1094 1534 1155 1598 hos

148 1620 298 1684 amnibus
329 1623 401 1684 tota
428 1619 518 1704 regio
553 1620 717 1704 dividitur,
749 1621 804 1685 sed
836 1621 1047 1705 ignobilibus,
1079 1621 1156 1705 quia

96 1720 128 1769 12
147 1730 213 1772 non
232 1707 311 1772 adeo
329 1712 404 1772 noto
421 1709 618 1773 interfluunt.
645 1705 795 1772 Ceterum
815 1731 895 1792 quae
913 1709 1067 1793 propiora
1080 1712 1156 1774 sunt

148 1796 244 1881 mari,
274 1795 424 1879 aquilone
451 1796 590 1860 maxime
617 1796 805 1862 deuruntur:
832 1795 860 1861 is
884 1797 1045 1862 cohibitus
1068 1797 1155 1881 iugis

147 1885 306 1949 montium
321 1884 361 1948 ad
379 1883 534 1948 interiora
551 1906 618 1948 non
635 1888 783 1967 penetrat
800 1885 848 1949 ita
866 1885 990 1950 alendis
1008 1884 1155 1970 frugibus

98 1984 128 2032 13
148 1973 249 2036 mitia.
286 1971 349 2036 Sed
363 1972 442 2036 adeo
460 1970 496 2035 in
514 1972 573 2037 illa
585 1973 684 2057 plaga
698 1972 835 2037 mundus
850 1976 953 2037 statas
971 1977 1155 2055 temporum

147 2062 232 2126 vices
260 2063 378 2143 mutat,
409 2063 460 2141 ut,
492 2080 565 2124 cum
597 2061 662 2124 alia
691 2061 817 2125 fervore
850 2062 926 2125 solis
958 2064 1156 2144 exaestuant,

147 2146 273 2211 Indiam
300 2148 392 2211 nives
420 2148 573 2230 obruant,
604 2169 791 2231 rursusque,
820 2148 876 2215 ubi
903 2153 1011 2215 cetera
1037 2149 1156 2235 rigent,

148 2235 214 2298 illic
249 2234 471 2298 intolerandus
500 2239 616 2299 ‘aestus
649 2236 776 2300 existat.
829 2235 910 2320 Nec,
947 2258 1002 2301 eur
1036 2237 1083 2301 ibi
1121 2258 1155 2301 se

98 2335 131 2383 14
148 2325 264 2387 natura
280 2323 413 2405 vertera,
430 2327 518 2403 patet
539 2344 643 2387 causa.
685 2322 775 2388 Mare
798 2327 897 2408 certe,
920 2346 983 2408 quo
1007 2323 1157 2405 adluitur,

147 2431 188 2475 ne
220 2411 328 2475 colore
360 2410 489 2493 quidem
522 2411 725 2475 abhorret'a
757 2412 880 2476 ceteris.
930 2412 982 2476 Ab
1010 2412 1155 2496 Erythro

148 2519 224 2582 rege
247 2498 384 2562 inditum
407 2502 457 2563 est
477 2519 608 2583 nomen,
638 2502 771 2583 propter
798 2499 882 2582 quod
908 2499 1014 2584 ignari
1040 2500 1156 2565 rubere

110 2627 114 2633 -
151 2609 251 2671 aquas
272 2587 415 2651 credunt.

97 2685 129 2734 16
237 2673 338 2737 Terra
356 2673 415 2736 lini
432 2673 536 2738 ferax:
555 2673 629 2738 inde
645 2675 808 2758 plerisque
827 2678 903 2740 sunt
919 2679 1034 2740 vestes.
1065 2675 1157 2741 Libri
1167 2689 1204 2754 31

149 2762 301 2826 arborum
328 2760 430 2825 teneri
458 2761 544 2825 haud
572 2783 663 2826 secus
692 2783 789 2845 quam
815 2762 946 2826 chartae
974 2764 1157 2828 litterarum

98 2861 130 2910 16
143 2849 243 2913 'notas
275 2849 415 2932 capiunt.
465 2849 551 2913 Aves
584 2849 623 2913 ad
654 2849 846 2914 imitandum
876 2851 1036 2915 humanae
1068 2851 1157 2916 voois

150 2958 265 3001 sonum
288 2936 406 3000 dociles
429 2940 517 3019 sunt,
546 2937 698 3001 animalia
724 2937 891 3003 invisitata
918 2939 1032 3004 ceteris
1055 2940 1158 3024 genti·

148 3024 208 3089 bus
231 3023 295 3088 nisi
318 3024 454 3088 invecta.
498 3023 622 3088 Eadem
644 3029 732 3088 terra
754 3024 974 3091 rhinocerotas
995 3026 1068 3110 alit,
1092 3050 1158 3092 non

97 3124 131 3173 1‘1
150 3115 292 3197 generat.
333 3111 588 3194 Elephantorum
612 3113 717 3177 maior
739 3116 789 3177 est
811 3113 873 3197 vis,
896 3135 994 3197 quam
1019 3136 1099 3198 quos
1123 3116 1159 3179 in

149 3200 261 3264 Africa
297 3200 471 3284 domitant,
513 3204 545 3264 et
584 3200 707 3265 viribus
744 3200 934 3284 magnitudo
974 3203 1159 3286 respondet

98 3299 130 3349 18
149 3286 274 3353 Aurum
308 3287 440 3352 flumina
466 3288 601 3372 vehunt,
634 3309 715 3372 quae
746 3288 812 3352 leni
841 3289 1029 3374 modicoque
1064 3291 1160 3374 lapsu

98 3388 131 3436 19
151 3397 266 3460 segnes
295 3397 394 3460 aquas
423 3375 553 3440 ducunt.
601 3374 752 3441 Gemmas
782 3377 1040 3462 margaritasque
1069 3400 1159 3444 mare

23 3538 25 3542 ¹
149 3464 302 3529 litoribus
329 3462 486 3529 infundit:
518 3485 621 3548 neque
653 3464 718 3529 alia
750 3463 815 3528 illis
843 3465 947 3529 maior
975 3466 1160 3549 opulentiae

149 3573 248 3616 eausa
285 3555 348 3637 est,
386 3552 496 3638 utique
532 3556 704 3640 postquam
742 3551 894 3617 vitiorum
932 3556 1160 3620 commercium
