<?xml version="1.0" encoding="UTF-8"?>
<!DOCTYPE html PUBLIC "-//W3C//DTD XHTML 1.0 Transitional//EN"
    "http://www.w3.org/TR/xhtml1/DTD/xhtml1-transitional.dtd">
<html xmlns="http://www.w3.org/1999/xhtml" xml:lang="en" lang="en">
 <head>
  <title>
</title>
<meta http-equiv="Content-Type" content="text/html;charset=utf-8" />
  <meta name='ocr-system' content='tesseract 3.04.00' />
  <meta name='ocr-capabilities' content='ocr_page ocr_carea ocr_par ocr_line ocrx_word'/>
</head>
<body>
  <div class='ocr_page' id='page_1' title='image "./historiarumalex01rufugoog_0153.png"; bbox 0 0 2444 3908; ppageno 0'>
   <div class='ocr_carea' id='block_1_1' title="bbox 83 129 718 199">
    <p class='ocr_par' dir='ltr' id='par_1_1' title="bbox 83 129 718 199">
     <span class='ocr_line' id='line_1_1' title="bbox 83 129 718 199; baseline -0.011 -9"><span class='ocrx_word' id='word_1_1' title='bbox 83 134 148 198; x_wconf 83' lang='grc'>120</span> <span class='ocrx_word' id='word_1_2' title='bbox 454 132 485 199; x_wconf 82' lang='lat' dir='ltr'>Q.</span> <span class='ocrx_word' id='word_1_3' title='bbox 504 131 614 188; x_wconf 79' lang='lat' dir='ltr'><strong>OURTI</strong></span> <span class='ocrx_word' id='word_1_4' title='bbox 632 129 718 186; x_wconf 76' lang='lat' dir='ltr'><strong>RUFI</strong></span> 
     </span>
    </p>
   </div>
   <div class='ocr_carea' id='block_1_2' title="bbox 38 273 1210 3260">
    <p class='ocr_par' dir='ltr' id='par_1_2' title="bbox 82 273 1204 624">
     <span class='ocr_line' id='line_1_2' title="bbox 84 273 1204 360; baseline -0.007 -18"><span class='ocrx_word' id='word_1_5' title='bbox 84 279 195 360; x_wconf 91' lang='lat' dir='ltr'>Ionas,</span> <span class='ocrx_word' id='word_1_6' title='bbox 221 277 391 342; x_wconf 87' lang='lat' dir='ltr'><strong>Aeolidem</strong></span> <span class='ocrx_word' id='word_1_7' title='bbox 420 276 553 341; x_wconf 75' lang='lat' dir='ltr'>servitio</span> <span class='ocrx_word' id='word_1_8' title='bbox 581 275 751 340; x_wconf 78' lang='lat' dir='ltr'>barbariae</span> <span class='ocrx_word' id='word_1_9' title='bbox 778 273 955 358; x_wconf 87' lang='lat' dir='ltr'>inpotentis</span> <span class='ocrx_word' id='word_1_10' title='bbox 979 273 1102 338; x_wconf 87' lang='lat' dir='ltr'>exemi·</span> <span class='ocrx_word' id='word_1_11' title='bbox 1200 311 1204 334; x_wconf 69' lang='lat'>.</span> 
     </span>
     <span class='ocr_line' id='line_1_3' title="bbox 83 360 1204 448; baseline -0.004 -19"><span class='ocrx_word' id='word_1_12' title='bbox 83 387 168 448; x_wconf 92' lang='lat' dir='ltr'>mus,</span> <span class='ocrx_word' id='word_1_13' title='bbox 196 362 338 447; x_wconf 80' lang='lat' dir='ltr'><strong>Cariam,</strong></span> <span class='ocrx_word' id='word_1_14' title='bbox 369 363 522 448; x_wconf 86' lang='lat' dir='ltr'><strong>Lydiam,</strong></span> <span class='ocrx_word' id='word_1_15' title='bbox 544 361 796 447; x_wconf 76' lang='lat' dir='ltr'>Cappadociam,</span> <span class='ocrx_word' id='word_1_16' title='bbox 821 360 1013 447; x_wconf 80' lang='lat' dir='ltr'>Phrygiam,</span> <span class='ocrx_word' id='word_1_17' title='bbox 1034 360 1102 426; x_wconf 89' lang='lat' dir='ltr'>Pa·</span> <span class='ocrx_word' id='word_1_18' title='bbox 1201 398 1204 414; x_wconf 79' lang='lat'>.</span> 
     </span>
     <span class='ocr_line' id='line_1_4' title="bbox 82 447 1103 538; baseline -0.002 -22"><span class='ocrx_word' id='word_1_19' title='bbox 82 452 306 538; x_wconf 89' lang='lat' dir='ltr'>phlagoniam,</span> <span class='ocrx_word' id='word_1_20' title='bbox 333 450 575 536; x_wconf 84' lang='lat' dir='ltr'>Pamphyliam,</span> <span class='ocrx_word' id='word_1_21' title='bbox 605 451 746 535; x_wconf 89' lang='lat' dir='ltr'>Pisidas,</span> <span class='ocrx_word' id='word_1_22' title='bbox 770 447 933 533; x_wconf 76' lang='lat' dir='ltr'>Ciliciam,</span> <span class='ocrx_word' id='word_1_23' title='bbox 957 447 1103 534; x_wconf 81' lang='lat' dir='ltr'>Syriam,</span> 
     </span>
     <span class='ocr_line' id='line_1_5' title="bbox 82 532 1203 624; baseline -0.003 -19"><span class='ocrx_word' id='word_1_24' title='bbox 82 540 278 624; x_wconf 80' lang='lat' dir='ltr'>Phoenicen,</span> <span class='ocrx_word' id='word_1_25' title='bbox 310 540 511 623; x_wconf 84' lang='lat' dir='ltr'>Armeniam,</span> <span class='ocrx_word' id='word_1_26' title='bbox 543 539 710 624; x_wconf 83' lang='lat' dir='ltr'>Persidem,</span> <span class='ocrx_word' id='word_1_27' title='bbox 741 537 867 623; x_wconf 77' lang='lat' dir='ltr'>Medos,</span> <span class='ocrx_word' id='word_1_28' title='bbox 899 532 1104 602; x_wconf 71' lang='lat' dir='ltr'>Parthienen</span> <span class='ocrx_word' id='word_1_29' title='bbox 1202 541 1203 544; x_wconf 72' lang='grc'>’</span> 
     </span>
    </p>

    <p class='ocr_par' dir='ltr' id='par_1_3' title="bbox 47 626 1204 801">
     <span class='ocr_line' id='line_1_6' title="bbox 47 626 1102 712; baseline 0.003 -24"><span class='ocrx_word' id='word_1_30' title='bbox 47 641 64 688; x_wconf 86' lang='grc'><strong>4</strong></span> <span class='ocrx_word' id='word_1_31' title='bbox 84 628 240 694; x_wconf 90' lang='lat' dir='ltr'>habemus</span> <span class='ocrx_word' id='word_1_32' title='bbox 258 630 293 692; x_wconf 92' lang='lat' dir='ltr'>in</span> <span class='ocrx_word' id='word_1_33' title='bbox 311 631 485 712; x_wconf 74' lang='lat' dir='ltr'>potestate:</span> <span class='ocrx_word' id='word_1_34' title='bbox 503 628 612 710; x_wconf 92' lang='lat' dir='ltr'>plures</span> <span class='ocrx_word' id='word_1_35' title='bbox 627 628 810 711; x_wconf 87' lang='lat' dir='ltr'>provincias</span> <span class='ocrx_word' id='word_1_36' title='bbox 825 626 999 710; x_wconf 79' lang='lat' dir='ltr'>conplexus</span> <span class='ocrx_word' id='word_1_37' title='bbox 1014 646 1102 711; x_wconf 87' lang='lat' dir='ltr'>sum,</span> 
     </span>
     <span class='ocr_line' id='line_1_7' title="bbox 85 714 1204 801; baseline -0.002 -20"><span class='ocrx_word' id='word_1_38' title='bbox 85 739 182 801; x_wconf 86' lang='lat' dir='ltr'>quam</span> <span class='ocrx_word' id='word_1_39' title='bbox 211 717 268 781; x_wconf 88' lang='lat' dir='ltr'>alii</span> <span class='ocrx_word' id='word_1_40' title='bbox 299 717 396 782; x_wconf 90' lang='lat' dir='ltr'>urbes</span> <span class='ocrx_word' id='word_1_41' title='bbox 427 719 591 800; x_wconf 89' lang='lat' dir='ltr'>ceperunt,</span> <span class='ocrx_word' id='word_1_42' title='bbox 623 719 656 779; x_wconf 92' lang='lat' dir='ltr'>et</span> <span class='ocrx_word' id='word_1_43' title='bbox 682 715 791 780; x_wconf 90' lang='lat' dir='ltr'>nescio</span> <span class='ocrx_word' id='word_1_44' title='bbox 820 735 864 778; x_wconf 88' lang='lat' dir='ltr'>an</span> <span class='ocrx_word' id='word_1_45' title='bbox 894 714 1104 779; x_wconf 74' lang='lat' dir='ltr'>enumeranti</span> <span class='ocrx_word' id='word_1_46' title='bbox 1201 740 1204 749; x_wconf 94' lang='lat'>·</span> 
     </span>
    </p>

    <p class='ocr_par' dir='ltr' id='par_1_4' title="bbox 49 800 1210 1503">
     <span class='ocr_line' id='line_1_8' title="bbox 49 800 1104 889; baseline 0.003 -24"><span class='ocrx_word' id='word_1_47' title='bbox 49 817 65 865; x_wconf 81' lang='lat'><strong>5</strong></span> <span class='ocrx_word' id='word_1_48' title='bbox 85 805 166 869; x_wconf 92' lang='lat' dir='ltr'>mihi</span> <span class='ocrx_word' id='word_1_49' title='bbox 190 805 346 889; x_wconf 87' lang='lat' dir='ltr'>quaedam</span> <span class='ocrx_word' id='word_1_50' title='bbox 369 805 441 888; x_wconf 92' lang='lat' dir='ltr'>ipsa</span> <span class='ocrx_word' id='word_1_51' title='bbox 463 825 571 868; x_wconf 90' lang='lat' dir='ltr'>rerum</span> <span class='ocrx_word' id='word_1_52' title='bbox 593 803 769 867; x_wconf 89' lang='lat' dir='ltr'>multitudo</span> <span class='ocrx_word' id='word_1_53' title='bbox 793 801 991 867; x_wconf 86' lang='lat' dir='ltr'>subduxerit</span> <span class='ocrx_word' id='word_1_54' title='bbox 1031 800 1104 868; x_wconf 86' lang='lat' dir='ltr'>Ita·</span> 
     </span>
     <span class='ocr_line' id='line_1_9' title="bbox 85 889 1103 977; baseline -0.003 -19"><span class='ocrx_word' id='word_1_55' title='bbox 85 915 148 977; x_wconf 89' lang='lat' dir='ltr'>que</span> <span class='ocrx_word' id='word_1_56' title='bbox 172 894 200 958; x_wconf 92' lang='lat' dir='ltr'>si</span> <span class='ocrx_word' id='word_1_57' title='bbox 223 893 385 958; x_wconf 86' lang='lat' dir='ltr'>crederem</span> <span class='ocrx_word' id='word_1_58' title='bbox 410 893 491 956; x_wconf 89' lang='lat' dir='ltr'>satis</span> <span class='ocrx_word' id='word_1_59' title='bbox 511 896 632 956; x_wconf 89' lang='lat' dir='ltr'>certam</span> <span class='ocrx_word' id='word_1_60' title='bbox 651 913 721 956; x_wconf 88' lang='lat' dir='ltr'>esse</span> <span class='ocrx_word' id='word_1_61' title='bbox 740 889 977 974; x_wconf 90' lang='lat' dir='ltr'>possessionem</span> <span class='ocrx_word' id='word_1_62' title='bbox 995 892 1103 955; x_wconf 84' lang='lat' dir='ltr'>terru-</span> 
     </span>
     <span class='ocr_line' id='line_1_10' title="bbox 85 977 1105 1066; baseline -0.004 -20"><span class='ocrx_word' id='word_1_63' title='bbox 85 1004 166 1066; x_wconf 91' lang='lat' dir='ltr'>rum,</span> <span class='ocrx_word' id='word_1_64' title='bbox 186 1003 265 1065; x_wconf 87' lang='lat' dir='ltr'>quas</span> <span class='ocrx_word' id='word_1_65' title='bbox 282 984 375 1045; x_wconf 91' lang='lat' dir='ltr'>tanta</span> <span class='ocrx_word' id='word_1_66' title='bbox 393 981 563 1045; x_wconf 86' lang='lat' dir='ltr'>velocitate</span> <span class='ocrx_word' id='word_1_67' title='bbox 578 980 769 1064; x_wconf 87' lang='lat' dir='ltr'>domuimus,</span> <span class='ocrx_word' id='word_1_68' title='bbox 787 999 847 1063; x_wconf 87' lang='lat' dir='ltr'>ego</span> <span class='ocrx_word' id='word_1_69' title='bbox 861 999 947 1061; x_wconf 86' lang='lat' dir='ltr'>vero,</span> <span class='ocrx_word' id='word_1_70' title='bbox 965 977 1105 1062; x_wconf 87' lang='lat' dir='ltr'>milites,</span> 
     </span>
     <span class='ocr_line' id='line_1_11' title="bbox 85 1068 1105 1153; baseline -0.002 -20"><span class='ocrx_word' id='word_1_71' title='bbox 85 1069 125 1133; x_wconf 86' lang='lat' dir='ltr'>ad</span> <span class='ocrx_word' id='word_1_72' title='bbox 148 1073 282 1152; x_wconf 89' lang='lat' dir='ltr'>penates</span> <span class='ocrx_word' id='word_1_73' title='bbox 309 1089 412 1151; x_wconf 90' lang='lat' dir='ltr'>meos,</span> <span class='ocrx_word' id='word_1_74' title='bbox 439 1068 479 1132; x_wconf 89' lang='lat' dir='ltr'>ad</span> <span class='ocrx_word' id='word_1_75' title='bbox 506 1073 676 1153; x_wconf 87' lang='lat' dir='ltr'>parentem</span> <span class='ocrx_word' id='word_1_76' title='bbox 703 1087 890 1150; x_wconf 88' lang='lat' dir='ltr'>sororesque</span> <span class='ocrx_word' id='word_1_77' title='bbox 918 1069 956 1151; x_wconf 76' lang='lat' dir='ltr'>et¹</span> <span class='ocrx_word' id='word_1_78' title='bbox 973 1069 1105 1131; x_wconf 90' lang='lat' dir='ltr'>ceteros</span> 
     </span>
     <span class='ocr_line' id='line_1_12' title="bbox 86 1153 1105 1239; baseline -0.002 -18"><span class='ocrx_word' id='word_1_79' title='bbox 86 1158 171 1221; x_wconf 86' lang='lat' dir='ltr'>cives</span> <span class='ocrx_word' id='word_1_80' title='bbox 193 1157 244 1221; x_wconf 89' lang='lat' dir='ltr'>vel</span> <span class='ocrx_word' id='word_1_81' title='bbox 267 1156 482 1221; x_wconf 87' lang='lat' dir='ltr'>retinentibus</span> <span class='ocrx_word' id='word_1_82' title='bbox 501 1156 594 1221; x_wconf 88' lang='lat' dir='ltr'>vobis</span> <span class='ocrx_word' id='word_1_83' title='bbox 615 1177 824 1239; x_wconf 89' lang='lat' dir='ltr'>erumperem,</span> <span class='ocrx_word' id='word_1_84' title='bbox 846 1157 884 1218; x_wconf 91' lang='lat' dir='ltr'>ut</span> <span class='ocrx_word' id='word_1_85' title='bbox 900 1153 948 1218; x_wconf 92' lang='lat' dir='ltr'>ibi</span> <span class='ocrx_word' id='word_1_86' title='bbox 966 1154 1105 1238; x_wconf 81' lang='lat' dir='ltr'>potissi·</span> 
     </span>
     <span class='ocr_line' id='line_1_13' title="bbox 86 1242 1104 1328; baseline 0.001 -21"><span class='ocrx_word' id='word_1_87' title='bbox 86 1265 174 1307; x_wconf 87' lang='lat' dir='ltr'>mum</span> <span class='ocrx_word' id='word_1_88' title='bbox 193 1247 290 1326; x_wconf 86' lang='lat' dir='ltr'>parta</span> <span class='ocrx_word' id='word_1_89' title='bbox 307 1243 475 1308; x_wconf 83' lang='lat' dir='ltr'>vobiscum</span> <span class='ocrx_word' id='word_1_90' title='bbox 498 1243 592 1308; x_wconf 90' lang='lat' dir='ltr'>laude</span> <span class='ocrx_word' id='word_1_91' title='bbox 616 1247 649 1308; x_wconf 88' lang='lat' dir='ltr'>et</span> <span class='ocrx_word' id='word_1_92' title='bbox 671 1244 776 1328; x_wconf 89' lang='lat' dir='ltr'>gloria</span> <span class='ocrx_word' id='word_1_93' title='bbox 798 1242 935 1325; x_wconf 79' lang='lat' dir='ltr'>fruerer,</span> <span class='ocrx_word' id='word_1_94' title='bbox 957 1242 1016 1306; x_wconf 91' lang='lat' dir='ltr'>ubi</span> <span class='ocrx_word' id='word_1_95' title='bbox 1038 1263 1104 1308; x_wconf 88' lang='lat' dir='ltr'>nos</span> 
     </span>
     <span class='ocr_line' id='line_1_14' title="bbox 86 1329 1210 1425; baseline -0.001 -29"><span class='ocrx_word' id='word_1_96' title='bbox 86 1332 249 1396; x_wconf 88' lang='lat' dir='ltr'>uberrima</span> <span class='ocrx_word' id='word_1_97' title='bbox 277 1331 432 1395; x_wconf 83' lang='lat' dir='ltr'>victoriae</span> <span class='ocrx_word' id='word_1_98' title='bbox 459 1333 604 1415; x_wconf 88' lang='lat' dir='ltr'>praemia</span> <span class='ocrx_word' id='word_1_99' title='bbox 631 1334 814 1414; x_wconf 83' lang='lat' dir='ltr'>expectant,</span> <span class='ocrx_word' id='word_1_100' title='bbox 844 1329 997 1412; x_wconf 90' lang='lat' dir='ltr'>liberum,</span> <span class='ocrx_word' id='word_1_101' title='bbox 1026 1351 1105 1396; x_wconf 85' lang='lat' dir='ltr'>cou-</span> <span class='ocrx_word' id='word_1_102' title='bbox 1205 1378 1210 1425; x_wconf 83' lang='lat'>,</span> 
     </span>
     <span class='ocr_line' id='line_1_15' title="bbox 86 1418 1105 1503; baseline 0.002 -21"><span class='ocrx_word' id='word_1_103' title='bbox 86 1418 198 1502; x_wconf 85' lang='lat' dir='ltr'>iugum</span> <span class='ocrx_word' id='word_1_104' title='bbox 224 1422 458 1503; x_wconf 87' lang='lat' dir='ltr'>parentumque</span> <span class='ocrx_word' id='word_1_105' title='bbox 488 1419 628 1501; x_wconf 87' lang='lat' dir='ltr'>laetitia,</span> <span class='ocrx_word' id='word_1_106' title='bbox 660 1441 738 1502; x_wconf 87' lang='lat' dir='ltr'>pax,</span> <span class='ocrx_word' id='word_1_107' title='bbox 770 1419 876 1503; x_wconf 90' lang='lat' dir='ltr'>quies,</span> <span class='ocrx_word' id='word_1_108' title='bbox 903 1440 1012 1482; x_wconf 91' lang='lat' dir='ltr'>rerum</span> <span class='ocrx_word' id='word_1_109' title='bbox 1040 1440 1105 1502; x_wconf 85' lang='lat' dir='ltr'>per</span> 
     </span>
    </p>

    <p class='ocr_par' dir='ltr' id='par_1_5' title="bbox 51 1505 1105 1855">
     <span class='ocr_line' id='line_1_16' title="bbox 51 1505 1105 1592; baseline 0.003 -25"><span class='ocrx_word' id='word_1_110' title='bbox 51 1521 66 1567; x_wconf 85' lang='lat'><strong>6</strong></span> <span class='ocrx_word' id='word_1_111' title='bbox 85 1507 237 1571; x_wconf 82' lang='lat' dir='ltr'>virtutem</span> <span class='ocrx_word' id='word_1_112' title='bbox 259 1510 425 1589; x_wconf 86' lang='lat' dir='ltr'>partarum</span> <span class='ocrx_word' id='word_1_113' title='bbox 450 1528 562 1572; x_wconf 88' lang='lat' dir='ltr'>secura</span> <span class='ocrx_word' id='word_1_114' title='bbox 584 1507 758 1589; x_wconf 86' lang='lat' dir='ltr'>possessio.</span> <span class='ocrx_word' id='word_1_115' title='bbox 803 1505 866 1570; x_wconf 84' lang='lat' dir='ltr'>Sed</span> <span class='ocrx_word' id='word_1_116' title='bbox 889 1507 924 1570; x_wconf 92' lang='lat' dir='ltr'>in</span> <span class='ocrx_word' id='word_1_117' title='bbox 947 1528 1032 1571; x_wconf 82' lang='lat' dir='ltr'>novo</span> <span class='ocrx_word' id='word_1_118' title='bbox 1057 1511 1105 1592; x_wconf 78' lang='lat' dir='ltr'>et,</span> 
     </span>
     <span class='ocr_line' id='line_1_17' title="bbox 87 1594 1104 1679; baseline 0.002 -21"><span class='ocrx_word' id='word_1_119' title='bbox 87 1595 115 1659; x_wconf 92' lang='lat' dir='ltr'>si</span> <span class='ocrx_word' id='word_1_120' title='bbox 129 1616 241 1658; x_wconf 87' lang='lat' dir='ltr'>verum</span> <span class='ocrx_word' id='word_1_121' title='bbox 258 1595 354 1659; x_wconf 89' lang='lat' dir='ltr'>fateri</span> <span class='ocrx_word' id='word_1_122' title='bbox 367 1595 526 1679; x_wconf 83' lang='lat' dir='ltr'>volumus,</span> <span class='ocrx_word' id='word_1_123' title='bbox 543 1596 688 1677; x_wconf 89' lang='lat' dir='ltr'>precario</span> <span class='ocrx_word' id='word_1_124' title='bbox 709 1595 847 1678; x_wconf 89' lang='lat' dir='ltr'>imperio</span> <span class='ocrx_word' id='word_1_125' title='bbox 866 1594 971 1658; x_wconf 91' lang='lat' dir='ltr'>adhuc</span> <span class='ocrx_word' id='word_1_126' title='bbox 985 1594 1104 1678; x_wconf 85' lang='lat' dir='ltr'>iugum</span> 
     </span>
     <span class='ocr_line' id='line_1_18' title="bbox 88 1682 1103 1765; baseline 0.002 -19"><span class='ocrx_word' id='word_1_127' title='bbox 88 1684 156 1747; x_wconf 90' lang='lat' dir='ltr'>eius</span> <span class='ocrx_word' id='word_1_128' title='bbox 179 1682 286 1765; x_wconf 88' lang='lat' dir='ltr'>rigida</span> <span class='ocrx_word' id='word_1_129' title='bbox 309 1683 431 1747; x_wconf 82' lang='lat' dir='ltr'>cervice</span> <span class='ocrx_word' id='word_1_130' title='bbox 452 1683 665 1748; x_wconf 88' lang='lat' dir='ltr'>subeuntibus</span> <span class='ocrx_word' id='word_1_131' title='bbox 688 1682 836 1748; x_wconf 87' lang='lat' dir='ltr'>barbaris</span> <span class='ocrx_word' id='word_1_132' title='bbox 860 1685 1015 1765; x_wconf 88' lang='lat' dir='ltr'>tempore,</span> <span class='ocrx_word' id='word_1_133' title='bbox 1039 1684 1103 1748; x_wconf 94' lang='lat' dir='ltr'>mi-</span> 
     </span>
     <span class='ocr_line' id='line_1_19' title="bbox 85 1770 1105 1855; baseline 0.002 -21"><span class='ocrx_word' id='word_1_134' title='bbox 85 1771 173 1854; x_wconf 87' lang='lat' dir='ltr'>lites,</span> <span class='ocrx_word' id='word_1_135' title='bbox 202 1793 283 1854; x_wconf 90' lang='lat' dir='ltr'>opus</span> <span class='ocrx_word' id='word_1_136' title='bbox 307 1774 369 1855; x_wconf 90' lang='lat' dir='ltr'>est,</span> <span class='ocrx_word' id='word_1_137' title='bbox 398 1771 473 1835; x_wconf 92' lang='lat' dir='ltr'>dum</span> <span class='ocrx_word' id='word_1_138' title='bbox 496 1770 679 1836; x_wconf 88' lang='lat' dir='ltr'>mitioribus</span> <span class='ocrx_word' id='word_1_139' title='bbox 702 1771 840 1855; x_wconf 83' lang='lat' dir='ltr'>ingeniis</span> <span class='ocrx_word' id='word_1_140' title='bbox 863 1770 1043 1845; x_wconf 86' lang='lat' dir='ltr'>inbuuntur</span> <span class='ocrx_word' id='word_1_141' title='bbox 1065 1774 1105 1836; x_wconf 87' lang='lat' dir='ltr'>et</span> 
     </span>
    </p>

    <p class='ocr_par' dir='ltr' id='par_1_6' title="bbox 52 1857 1104 2032">
     <span class='ocr_line' id='line_1_20' title="bbox 52 1857 1104 1943; baseline 0 -20"><span class='ocrx_word' id='word_1_142' title='bbox 52 1864 66 1911; x_wconf 80' lang='lat'><strong>⁷</strong></span> <span class='ocrx_word' id='word_1_143' title='bbox 88 1859 238 1925; x_wconf 88' lang='lat' dir='ltr'>efferatos</span> <span class='ocrx_word' id='word_1_144' title='bbox 257 1861 371 1924; x_wconf 90' lang='lat' dir='ltr'>melior</span> <span class='ocrx_word' id='word_1_145' title='bbox 390 1861 585 1925; x_wconf 90' lang='lat' dir='ltr'>consuetudo</span> <span class='ocrx_word' id='word_1_146' title='bbox 604 1860 792 1943; x_wconf 89' lang='lat' dir='ltr'>permulcet.</span> <span class='ocrx_word' id='word_1_147' title='bbox 828 1857 950 1942; x_wconf 80' lang='lat' dir='ltr'>Fruges</span> <span class='ocrx_word' id='word_1_148' title='bbox 970 1880 1104 1942; x_wconf 91' lang='lat' dir='ltr'>quoque</span> 
     </span>
     <span class='ocr_line' id='line_1_21' title="bbox 86 1946 1104 2032; baseline 0 -20"><span class='ocrx_word' id='word_1_149' title='bbox 86 1949 308 2012; x_wconf 88' lang='lat' dir='ltr'>maturitatem</span> <span class='ocrx_word' id='word_1_150' title='bbox 332 1952 416 2013; x_wconf 87' lang='lat' dir='ltr'>stato</span> <span class='ocrx_word' id='word_1_151' title='bbox 439 1952 585 2031; x_wconf 90' lang='lat' dir='ltr'>tempore</span> <span class='ocrx_word' id='word_1_152' title='bbox 608 1951 793 2032; x_wconf 78' lang='lat' dir='ltr'>expectant:</span> <span class='ocrx_word' id='word_1_153' title='bbox 817 1946 896 2010; x_wconf 88' lang='lat' dir='ltr'>adeo</span> <span class='ocrx_word' id='word_1_154' title='bbox 921 1946 1019 2010; x_wconf 90' lang='lat' dir='ltr'>etiam</span> <span class='ocrx_word' id='word_1_155' title='bbox 1039 1947 1104 2012; x_wconf 89' lang='lat' dir='ltr'>illa</span> 
     </span>
    </p>

    <p class='ocr_par' dir='ltr' id='par_1_7' title="bbox 52 2033 1105 2734">
     <span class='ocr_line' id='line_1_22' title="bbox 52 2033 1104 2118; baseline 0.002 -19"><span class='ocrx_word' id='word_1_156' title='bbox 52 2043 67 2090; x_wconf 83' lang='lat'>8</span> <span class='ocrx_word' id='word_1_157' title='bbox 88 2058 201 2101; x_wconf 90' lang='lat' dir='ltr'>sensus</span> <span class='ocrx_word' id='word_1_158' title='bbox 217 2037 322 2101; x_wconf 88' lang='lat' dir='ltr'>omnis</span> <span class='ocrx_word' id='word_1_159' title='bbox 337 2036 481 2118; x_wconf 87' lang='lat' dir='ltr'>expertia</span> <span class='ocrx_word' id='word_1_160' title='bbox 494 2039 604 2100; x_wconf 88' lang='lat' dir='ltr'>tamen</span> <span class='ocrx_word' id='word_1_161' title='bbox 619 2057 678 2099; x_wconf 90' lang='lat' dir='ltr'>sua</span> <span class='ocrx_word' id='word_1_162' title='bbox 691 2035 764 2118; x_wconf 89' lang='lat' dir='ltr'>lege</span> <span class='ocrx_word' id='word_1_163' title='bbox 778 2033 960 2097; x_wconf 88' lang='lat' dir='ltr'>mitescunt.</span> <span class='ocrx_word' id='word_1_164' title='bbox 989 2033 1104 2108; x_wconf 78' lang='lat' dir='ltr'>Quid?</span> 
     </span>
     <span class='ocr_line' id='line_1_23' title="bbox 87 2120 1105 2206; baseline 0.002 -20"><span class='ocrx_word' id='word_1_165' title='bbox 87 2124 218 2187; x_wconf 88' lang='lat' dir='ltr'>creditis</span> <span class='ocrx_word' id='word_1_166' title='bbox 250 2126 302 2186; x_wconf 91' lang='lat' dir='ltr'>tot</span> <span class='ocrx_word' id='word_1_167' title='bbox 334 2126 460 2206; x_wconf 81' lang='lat' dir='ltr'>gentes,</span> <span class='ocrx_word' id='word_1_168' title='bbox 492 2123 624 2186; x_wconf 91' lang='lat' dir='ltr'>alterius</span> <span class='ocrx_word' id='word_1_169' title='bbox 652 2122 787 2204; x_wconf 90' lang='lat' dir='ltr'>imperio</span> <span class='ocrx_word' id='word_1_170' title='bbox 821 2141 857 2184; x_wconf 91' lang='lat' dir='ltr'>ac</span> <span class='ocrx_word' id='word_1_171' title='bbox 884 2120 1014 2183; x_wconf 91' lang='lat' dir='ltr'>nomine</span> <span class='ocrx_word' id='word_1_172' title='bbox 1046 2123 1105 2188; x_wconf 87' lang='lat' dir='ltr'>ad·</span> 
     </span>
     <span class='ocr_line' id='line_1_24' title="bbox 88 2207 1104 2292; baseline 0.002 -19"><span class='ocrx_word' id='word_1_173' title='bbox 88 2214 209 2292; x_wconf 85' lang='lat' dir='ltr'>suetas,</span> <span class='ocrx_word' id='word_1_174' title='bbox 236 2229 300 2272; x_wconf 91' lang='lat' dir='ltr'>non</span> <span class='ocrx_word' id='word_1_175' title='bbox 324 2210 438 2285; x_wconf 88' lang='lat' dir='ltr'>sacris,</span> <span class='ocrx_word' id='word_1_176' title='bbox 465 2229 528 2273; x_wconf 72' lang='lat' dir='ltr'>reon</span> <span class='ocrx_word' id='word_1_177' title='bbox 550 2209 708 2292; x_wconf 91' lang='lat' dir='ltr'>moribus,</span> <span class='ocrx_word' id='word_1_178' title='bbox 734 2229 799 2272; x_wconf 90' lang='lat' dir='ltr'>non</span> <span class='ocrx_word' id='word_1_179' title='bbox 822 2207 1013 2271; x_wconf 89' lang='lat' dir='ltr'>commercio</span> <span class='ocrx_word' id='word_1_180' title='bbox 1038 2208 1104 2276; x_wconf 89' lang='lat' dir='ltr'>lin-</span> 
     </span>
     <span class='ocr_line' id='line_1_25' title="bbox 88 2294 1104 2382; baseline 0.002 -21"><span class='ocrx_word' id='word_1_181' title='bbox 88 2317 170 2382; x_wconf 82' lang='lat' dir='ltr'>guae</span> <span class='ocrx_word' id='word_1_182' title='bbox 183 2297 351 2361; x_wconf 89' lang='lat' dir='ltr'>nobiscum</span> <span class='ocrx_word' id='word_1_183' title='bbox 366 2296 582 2378; x_wconf 68' lang='lat' dir='ltr'>cohaerentes</span> <span class='ocrx_word' id='word_1_184' title='bbox 597 2295 708 2360; x_wconf 91' lang='lat' dir='ltr'>eodem</span> <span class='ocrx_word' id='word_1_185' title='bbox 722 2295 845 2378; x_wconf 91' lang='lat' dir='ltr'>proelio</span> <span class='ocrx_word' id='word_1_186' title='bbox 860 2294 1001 2359; x_wconf 89' lang='lat' dir='ltr'>domitas</span> <span class='ocrx_word' id='word_1_187' title='bbox 1017 2316 1104 2382; x_wconf 89' lang='lat' dir='ltr'>csse,</span> 
     </span>
     <span class='ocr_line' id='line_1_26' title="bbox 89 2382 1102 2470; baseline 0.003 -21"><span class='ocrx_word' id='word_1_188' title='bbox 89 2408 152 2470; x_wconf 90' lang='lat' dir='ltr'>quo</span> <span class='ocrx_word' id='word_1_189' title='bbox 171 2385 274 2449; x_wconf 90' lang='lat' dir='ltr'>victae</span> <span class='ocrx_word' id='word_1_190' title='bbox 293 2383 390 2449; x_wconf 81' lang='lat' dir='ltr'>sunt?</span> <span class='ocrx_word' id='word_1_191' title='bbox 436 2382 564 2448; x_wconf 90' lang='lat' dir='ltr'>Vestris</span> <span class='ocrx_word' id='word_1_192' title='bbox 583 2383 682 2447; x_wconf 91' lang='lat' dir='ltr'>armis</span> <span class='ocrx_word' id='word_1_193' title='bbox 701 2383 917 2467; x_wconf 90' lang='lat' dir='ltr'>continentur,</span> <span class='ocrx_word' id='word_1_194' title='bbox 939 2404 1006 2448; x_wconf 94' lang='lat' dir='ltr'>non</span> <span class='ocrx_word' id='word_1_195' title='bbox 1029 2387 1102 2452; x_wconf 87' lang='lat' dir='ltr'>suis</span> 
     </span>
     <span class='ocr_line' id='line_1_27' title="bbox 88 2471 1102 2557; baseline -0.001 -18"><span class='ocrx_word' id='word_1_196' title='bbox 88 2475 241 2557; x_wconf 90' lang='lat' dir='ltr'>moribus,</span> <span class='ocrx_word' id='word_1_197' title='bbox 263 2477 296 2538; x_wconf 90' lang='lat' dir='ltr'>et</span> <span class='ocrx_word' id='word_1_198' title='bbox 314 2473 369 2557; x_wconf 91' lang='lat' dir='ltr'>qui</span> <span class='ocrx_word' id='word_1_199' title='bbox 387 2476 574 2557; x_wconf 86' lang='lat' dir='ltr'>praesentes</span> <span class='ocrx_word' id='word_1_200' title='bbox 593 2474 750 2549; x_wconf 90' lang='lat' dir='ltr'>metuunt,</span> <span class='ocrx_word' id='word_1_201' title='bbox 768 2471 802 2535; x_wconf 89' lang='lat' dir='ltr'>in</span> <span class='ocrx_word' id='word_1_202' title='bbox 821 2472 969 2536; x_wconf 88' lang='lat' dir='ltr'>absentia</span> <span class='ocrx_word' id='word_1_203' title='bbox 986 2473 1102 2538; x_wconf 90' lang='lat' dir='ltr'>hostes</span> 
     </span>
     <span class='ocr_line' id='line_1_28' title="bbox 89 2559 1102 2644; baseline -0.003 -16"><span class='ocrx_word' id='word_1_204' title='bbox 89 2567 191 2628; x_wconf 91' lang='lat' dir='ltr'>erunt.</span> <span class='ocrx_word' id='word_1_205' title='bbox 241 2559 321 2626; x_wconf 81' lang='lat' dir='ltr'>Cum</span> <span class='ocrx_word' id='word_1_206' title='bbox 348 2561 425 2626; x_wconf 86' lang='lat' dir='ltr'>feris</span> <span class='ocrx_word' id='word_1_207' title='bbox 453 2560 567 2626; x_wconf 88' lang='lat' dir='ltr'>bestiis</span> <span class='ocrx_word' id='word_1_208' title='bbox 591 2581 642 2625; x_wconf 88' lang='lat' dir='ltr'>res</span> <span class='ocrx_word' id='word_1_209' title='bbox 666 2563 729 2644; x_wconf 89' lang='lat' dir='ltr'>est,</span> <span class='ocrx_word' id='word_1_210' title='bbox 756 2580 836 2644; x_wconf 90' lang='lat' dir='ltr'>quas</span> <span class='ocrx_word' id='word_1_211' title='bbox 860 2563 971 2643; x_wconf 90' lang='lat' dir='ltr'>captas</span> <span class='ocrx_word' id='word_1_212' title='bbox 996 2564 1029 2625; x_wconf 90' lang='lat' dir='ltr'>et</span> <span class='ocrx_word' id='word_1_213' title='bbox 1051 2561 1102 2625; x_wconf 92' lang='lat' dir='ltr'>in-</span> 
     </span>
     <span class='ocr_line' id='line_1_29' title="bbox 89 2647 1098 2734; baseline -0.002 -18"><span class='ocrx_word' id='word_1_214' title='bbox 89 2652 208 2734; x_wconf 89' lang='lat' dir='ltr'>clusas,</span> <span class='ocrx_word' id='word_1_215' title='bbox 232 2650 307 2733; x_wconf 90' lang='lat' dir='ltr'>quia</span> <span class='ocrx_word' id='word_1_216' title='bbox 330 2650 473 2733; x_wconf 89' lang='lat' dir='ltr'>ipsarum</span> <span class='ocrx_word' id='word_1_217' title='bbox 495 2653 612 2714; x_wconf 92' lang='lat' dir='ltr'>natura</span> <span class='ocrx_word' id='word_1_218' title='bbox 634 2669 700 2712; x_wconf 92' lang='lat' dir='ltr'>non</span> <span class='ocrx_word' id='word_1_219' title='bbox 721 2651 845 2732; x_wconf 88' lang='lat' dir='ltr'>potest,</span> <span class='ocrx_word' id='word_1_220' title='bbox 875 2647 1005 2732; x_wconf 83' lang='lat' dir='ltr'>longior</span> <span class='ocrx_word' id='word_1_221' title='bbox 1028 2648 1098 2714; x_wconf 89' lang='lat' dir='ltr'>dies</span> 
     </span>
    </p>

    <p class='ocr_par' dir='ltr' id='par_1_8' title="bbox 53 2736 1145 3084">
     <span class='ocr_line' id='line_1_30' title="bbox 53 2736 1145 2821; baseline 0.003 -19"><span class='ocrx_word' id='word_1_222' title='bbox 53 2745 69 2792; x_wconf 83' lang='lat'>9</span> <span class='ocrx_word' id='word_1_223' title='bbox 89 2740 228 2820; x_wconf 91' lang='lat' dir='ltr'>mitigat.</span> <span class='ocrx_word' id='word_1_224' title='bbox 273 2737 318 2800; x_wconf 86' lang='lat' dir='ltr'>Et</span> <span class='ocrx_word' id='word_1_225' title='bbox 345 2737 448 2802; x_wconf 92' lang='lat' dir='ltr'>adhuc</span> <span class='ocrx_word' id='word_1_226' title='bbox 471 2737 517 2801; x_wconf 88' lang='lat' dir='ltr'>sie</span> <span class='ocrx_word' id='word_1_227' title='bbox 540 2757 616 2821; x_wconf 87' lang='lat' dir='ltr'>ago,</span> <span class='ocrx_word' id='word_1_228' title='bbox 642 2741 808 2819; x_wconf 89' lang='lat' dir='ltr'>tamquam</span> <span class='ocrx_word' id='word_1_229' title='bbox 832 2736 939 2800; x_wconf 90' lang='lat' dir='ltr'>omnia</span> <span class='ocrx_word' id='word_1_230' title='bbox 962 2737 1098 2801; x_wconf 86' lang='lat' dir='ltr'>subacta</span> <span class='ocrx_word' id='word_1_231' title='bbox 1124 2741 1145 2805; x_wconf 91' lang='lat'>8</span> 
     </span>
     <span class='ocr_line' id='line_1_31' title="bbox 90 2824 1098 2908; baseline 0.001 -19"><span class='ocrx_word' id='word_1_232' title='bbox 90 2828 154 2889; x_wconf 88' lang='lat' dir='ltr'>sint</span> <span class='ocrx_word' id='word_1_233' title='bbox 173 2824 282 2907; x_wconf 91' lang='lat' dir='ltr'>armis,</span> <span class='ocrx_word' id='word_1_234' title='bbox 305 2846 385 2908; x_wconf 88' lang='lat' dir='ltr'>quae</span> <span class='ocrx_word' id='word_1_235' title='bbox 404 2826 535 2889; x_wconf 85' lang='lat' dir='ltr'>fuerunt</span> <span class='ocrx_word' id='word_1_236' title='bbox 552 2826 586 2889; x_wconf 95' lang='lat' dir='ltr'>in</span> <span class='ocrx_word' id='word_1_237' title='bbox 605 2824 730 2889; x_wconf 91' lang='lat' dir='ltr'>dicione</span> <span class='ocrx_word' id='word_1_238' title='bbox 749 2824 858 2889; x_wconf 86' lang='lat' dir='ltr'>Darei.</span> <span class='ocrx_word' id='word_1_239' title='bbox 899 2824 1098 2907; x_wconf 87' lang='lat' dir='ltr'>Hyrcaniam</span> 
     </span>
     <span class='ocr_line' id='line_1_32' title="bbox 88 2912 1098 2996; baseline -0.001 -18"><span class='ocrx_word' id='word_1_240' title='bbox 88 2912 120 2978; x_wconf 94' lang='lat' dir='ltr'>N</span> <span class='ocrx_word' id='word_1_241' title='bbox 122 2914 296 2976; x_wconf 85' lang='lat' dir='ltr'>arbauanes</span> <span class='ocrx_word' id='word_1_242' title='bbox 312 2912 494 2995; x_wconf 84' lang='lat' dir='ltr'>occupavit:</span> <span class='ocrx_word' id='word_1_243' title='bbox 508 2912 625 2977; x_wconf 89' lang='lat' dir='ltr'>Bactra</span> <span class='ocrx_word' id='word_1_244' title='bbox 639 2933 705 2976; x_wconf 91' lang='lat' dir='ltr'>non</span> <span class='ocrx_word' id='word_1_245' title='bbox 718 2912 864 2995; x_wconf 90' lang='lat' dir='ltr'>possidet</span> <span class='ocrx_word' id='word_1_246' title='bbox 877 2913 981 2977; x_wconf 89' lang='lat' dir='ltr'>solum</span> <span class='ocrx_word' id='word_1_247' title='bbox 996 2913 1098 2996; x_wconf 91' lang='lat' dir='ltr'>parri·</span> 
     </span>
     <span class='ocr_line' id='line_1_33' title="bbox 89 2997 1098 3084; baseline 0.001 -20"><span class='ocrx_word' id='word_1_248' title='bbox 89 3001 161 3065; x_wconf 88' lang='lat' dir='ltr'>cida</span> <span class='ocrx_word' id='word_1_249' title='bbox 179 3001 309 3084; x_wconf 88' lang='lat' dir='ltr'>Bessus,</span> <span class='ocrx_word' id='word_1_250' title='bbox 332 3000 387 3064; x_wconf 89' lang='lat' dir='ltr'>sed</span> <span class='ocrx_word' id='word_1_251' title='bbox 406 3000 504 3064; x_wconf 88' lang='lat' dir='ltr'>etiam</span> <span class='ocrx_word' id='word_1_252' title='bbox 527 3001 598 3065; x_wconf 81' lang='lat' dir='ltr'>iude</span> <span class='ocrx_word' id='word_1_253' title='bbox 616 3001 771 3064; x_wconf 88' lang='lat' dir='ltr'>minatur:</span> <span class='ocrx_word' id='word_1_254' title='bbox 794 2997 957 3084; x_wconf 81' lang='lat' dir='ltr'>Sogdiani,</span> <span class='ocrx_word' id='word_1_255' title='bbox 975 2999 1098 3081; x_wconf 85' lang='lat' dir='ltr'>Dahae,</span> 
     </span>
    </p>

    <p class='ocr_par' dir='ltr' id='par_1_9' title="bbox 38 3085 1099 3260">
     <span class='ocr_line' id='line_1_34' title="bbox 38 3085 1099 3174; baseline -0.003 -19"><span class='ocrx_word' id='word_1_256' title='bbox 38 3099 70 3147; x_wconf 89' lang='lat'>10</span> <span class='ocrx_word' id='word_1_257' title='bbox 89 3089 305 3173; x_wconf 83' lang='lat' dir='ltr'>Massagetae,</span> <span class='ocrx_word' id='word_1_258' title='bbox 338 3085 450 3172; x_wconf 83' lang='lat' dir='ltr'>Sacae,</span> <span class='ocrx_word' id='word_1_259' title='bbox 481 3086 554 3152; x_wconf 91' lang='lat' dir='ltr'>Indi</span> <span class='ocrx_word' id='word_1_260' title='bbox 585 3088 634 3152; x_wconf 92' lang='lat' dir='ltr'>sui</span> <span class='ocrx_word' id='word_1_261' title='bbox 665 3088 745 3151; x_wconf 91' lang='lat' dir='ltr'>iuris</span> <span class='ocrx_word' id='word_1_262' title='bbox 774 3091 857 3152; x_wconf 89' lang='lat' dir='ltr'>sunt.</span> <span class='ocrx_word' id='word_1_263' title='bbox 907 3087 1027 3154; x_wconf 89' lang='lat' dir='ltr'>Omnes</span> <span class='ocrx_word' id='word_1_264' title='bbox 1054 3087 1099 3174; x_wconf 89' lang='lat' dir='ltr'>hi,</span> 
     </span>
     <span class='ocr_line' id='line_1_35' title="bbox 91 3175 1099 3260; baseline -0.001 -18"><span class='ocrx_word' id='word_1_265' title='bbox 91 3177 186 3242; x_wconf 92' lang='lat' dir='ltr'>simul</span> <span class='ocrx_word' id='word_1_266' title='bbox 208 3180 301 3260; x_wconf 84' lang='lat' dir='ltr'>terga</span> <span class='ocrx_word' id='word_1_267' title='bbox 324 3179 436 3240; x_wconf 90' lang='lat' dir='ltr'>nostra</span> <span class='ocrx_word' id='word_1_268' title='bbox 458 3176 613 3259; x_wconf 83' lang='lat' dir='ltr'>viderint,</span> <span class='ocrx_word' id='word_1_269' title='bbox 635 3175 711 3239; x_wconf 92' lang='lat' dir='ltr'>illos</span> <span class='ocrx_word' id='word_1_270' title='bbox 735 3179 920 3259; x_wconf 89' lang='lat' dir='ltr'>sequentur:</span> <span class='ocrx_word' id='word_1_271' title='bbox 943 3176 992 3241; x_wconf 93' lang='lat' dir='ltr'>illi</span> <span class='ocrx_word' id='word_1_272' title='bbox 1011 3177 1099 3241; x_wconf 89' lang='lat' dir='ltr'>enim</span> 
     </span>
    </p>
   </div>
   <div class='ocr_carea' id='block_1_3' title="bbox 39 3260 1102 3614">
    <p class='ocr_par' dir='ltr' id='par_1_10' title="bbox 39 3260 1102 3614">
     <span class='ocr_line' id='line_1_36' title="bbox 91 3260 1099 3347; baseline 0 -17"><span class='ocrx_word' id='word_1_273' title='bbox 91 3266 230 3330; x_wconf 90' lang='lat' dir='ltr'>eiusdem</span> <span class='ocrx_word' id='word_1_274' title='bbox 249 3264 392 3329; x_wconf 89' lang='lat' dir='ltr'>nationis</span> <span class='ocrx_word' id='word_1_275' title='bbox 411 3268 496 3347; x_wconf 90' lang='lat' dir='ltr'>sunt,</span> <span class='ocrx_word' id='word_1_276' title='bbox 513 3287 573 3328; x_wconf 90' lang='lat' dir='ltr'>nos</span> <span class='ocrx_word' id='word_1_277' title='bbox 588 3263 789 3346; x_wconf 85' lang='lat' dir='ltr'>alienigenae</span> <span class='ocrx_word' id='word_1_278' title='bbox 804 3266 837 3328; x_wconf 89' lang='lat' dir='ltr'>et</span> <span class='ocrx_word' id='word_1_279' title='bbox 851 3264 984 3329; x_wconf 89' lang='lat' dir='ltr'>externi.</span> <span class='ocrx_word' id='word_1_280' title='bbox 1024 3260 1099 3331; x_wconf 83' lang='lat' dir='ltr'>Suis</span> 
     </span>
     <span class='ocr_line' id='line_1_37' title="bbox 89 3353 1101 3438; baseline -0.004 -17"><span class='ocrx_word' id='word_1_281' title='bbox 89 3356 221 3438; x_wconf 78' lang='lat' dir='ltr'>quisque</span> <span class='ocrx_word' id='word_1_282' title='bbox 245 3356 351 3419; x_wconf 89' lang='lat' dir='ltr'>autem</span> <span class='ocrx_word' id='word_1_283' title='bbox 375 3353 531 3436; x_wconf 90' lang='lat' dir='ltr'>placidius</span> <span class='ocrx_word' id='word_1_284' title='bbox 554 3355 660 3436; x_wconf 89' lang='lat' dir='ltr'>paret,</span> <span class='ocrx_word' id='word_1_285' title='bbox 688 3353 786 3416; x_wconf 87' lang='lat' dir='ltr'>etiam</span> <span class='ocrx_word' id='word_1_286' title='bbox 814 3373 887 3417; x_wconf 89' lang='lat' dir='ltr'>cum</span> <span class='ocrx_word' id='word_1_287' title='bbox 910 3353 937 3416; x_wconf 90' lang='lat' dir='ltr'>is</span> <span class='ocrx_word' id='word_1_288' title='bbox 960 3355 1101 3438; x_wconf 83' lang='lat' dir='ltr'>praeest,</span> 
     </span>
     <span class='ocr_line' id='line_1_38' title="bbox 39 3438 1102 3528; baseline -0.005 -17"><span class='ocrx_word' id='word_1_289' title='bbox 39 3444 145 3528; x_wconf 89' lang='lat' dir='ltr'>11qui</span> <span class='ocrx_word' id='word_1_290' title='bbox 168 3443 272 3527; x_wconf 90' lang='lat' dir='ltr'>magis</span> <span class='ocrx_word' id='word_1_291' title='bbox 294 3441 402 3505; x_wconf 88' lang='lat' dir='ltr'>timeri</span> <span class='ocrx_word' id='word_1_292' title='bbox 424 3443 542 3525; x_wconf 87' lang='lat' dir='ltr'>potest.</span> <span class='ocrx_word' id='word_1_293' title='bbox 586 3438 725 3504; x_wconf 89' lang='lat' dir='ltr'>Proinde</span> <span class='ocrx_word' id='word_1_294' title='bbox 749 3443 819 3519; x_wconf 89' lang='lat' dir='ltr'>aut,</span> <span class='ocrx_word' id='word_1_295' title='bbox 842 3462 923 3525; x_wconf 90' lang='lat' dir='ltr'>quae</span> <span class='ocrx_word' id='word_1_296' title='bbox 946 3439 1102 3527; x_wconf 86' lang='lat' dir='ltr'>cepimus,</span> 
     </span>
     <span class='ocr_line' id='line_1_39' title="bbox 92 3528 1102 3614; baseline -0.002 -17"><span class='ocrx_word' id='word_1_297' title='bbox 92 3530 269 3597; x_wconf 89' lang='lat' dir='ltr'>omittenda</span> <span class='ocrx_word' id='word_1_298' title='bbox 298 3534 372 3594; x_wconf 87' lang='lat' dir='ltr'>sunt</span> <span class='ocrx_word' id='word_1_299' title='bbox 400 3533 469 3614; x_wconf 89' lang='lat' dir='ltr'>aut,</span> <span class='ocrx_word' id='word_1_300' title='bbox 501 3550 581 3612; x_wconf 90' lang='lat' dir='ltr'>quae</span> <span class='ocrx_word' id='word_1_301' title='bbox 608 3549 674 3592; x_wconf 91' lang='lat' dir='ltr'>non</span> <span class='ocrx_word' id='word_1_302' title='bbox 700 3528 872 3612; x_wconf 91' lang='lat' dir='ltr'>habemus,</span> <span class='ocrx_word' id='word_1_303' title='bbox 904 3528 1102 3613; x_wconf 84' lang='lat' dir='ltr'>occupanda.</span> 
     </span>
    </p>
   </div>
   <div class='ocr_carea' id='block_1_4' title="bbox 0 0 1232 3908">
    <p class='ocr_par' dir='ltr' id='par_1_11' title="bbox 0 0 1232 3908">
     <span class='ocr_line' id='line_1_40' title="bbox 0 0 1232 3908; baseline 0 0"><span class='ocrx_word' id='word_1_304' title='bbox 0 0 1232 3908; x_wconf 95' lang='lat' dir='ltr'> </span> 
     </span>
    </p>
   </div>
  </div>
 </body>
</html>
