2444 3908
177 110 221 173 94
552 108 583 174 Q.
603 109 711 165 CUltTI
729 110 816 165 RUFI

176 255 304 318 litterae
326 254 503 317 redduntur
525 276 545 318 a
567 252 718 338 Tiridate,
740 254 872 319 custode
894 255 1051 338 pecuniae
1069 257 1193 342 regiae,

176 342 355 405 indicantes
384 363 453 426 eos,
485 341 541 425 qui
571 341 607 405 in
633 343 711 406 urbe
739 345 862 426 essent,
893 342 1003 407 audito
1035 343 1107 408 eius
1137 347 1193 410 ad-

176 433 274 494 ventu
305 429 442 512 diripere
473 430 554 493 velle
585 430 771 494 thesauros:
811 433 999 514 properaret
1029 452 1192 516 occupare

176 517 344 582 thesauros
376 517 539 581 dimissos:
572 518 754 601 expeditum
786 518 847 582 iter
877 539 959 601 esse,
991 539 1192 604 quamquam

141 625 157 673 3
176 605 299 669 Araxes
318 606 422 669 amnis
441 605 612 670 interfluat.
646 603 779 670 Nullam
796 606 948 670 virtutem
964 607 1051 691 regis
1069 607 1191 674 iustius

177 715 274 777 quarn
291 694 486 758 celeritatem
503 693 713 759 laudaverim:
736 693 855 758 relictis
869 692 1071 777 pedestribus
1085 697 1190 781 copiis

175 785 247 845 tota
272 785 368 846 nocte
394 785 492 846 uectus
519 803 592 849 cum
620 781 780 866 equitibus
807 782 931 845 itineris
957 785 1051 847 tanto
1080 785 1189 866 spatio

141 890 156 937 1
176 869 321 954 fatigatis
352 869 393 933 ad
419 869 550 933 Araxen
576 869 680 953 prima
705 871 776 934 luce
798 870 951 953 pervenit.
995 868 1071 934 Vici
1094 876 1190 936 erant

175 957 211 1020 in
233 958 431 1040 propinquo:
454 958 570 1040 quibus
589 957 703 1022 dirutis
721 960 854 1041 pontem
872 979 911 1021 ex
926 957 1062 1022 materia
1075 979 1188 1024 eorum

177 1044 313 1109 subditis
337 1044 421 1108 saxis
445 1048 573 1109 strenue
595 1045 730 1110 induxit.

141 1153 157 1202 5
264 1131 397 1214 Iamque
423 1131 510 1195 haud
536 1135 648 1214 procul
670 1134 749 1197 urbe
772 1136 877 1216 erant,
908 1154 980 1197 cum
1002 1133 1187 1200 miserabile

176 1238 305 1301 agmen,
336 1218 421 1282 inter
451 1241 555 1302 pauca
585 1220 734 1285 fortunae
761 1222 906 1305 exempla
933 1222 1187 1308 memorandum,

176 1306 246 1388 regi
269 1305 415 1370 occurrit.
460 1303 587 1390 Captivi
609 1311 702 1372 erant
724 1306 837 1372 Graeci
860 1309 900 1372 ad
922 1327 973 1373 Im
996 1309 1087 1374 milia
1108 1311 1186 1390 fere,

141 1416 156 1464 e
177 1414 257 1474 quos
270 1393 388 1457 Persae
405 1394 494 1457 vario
514 1395 743 1479 suppliciorum
757 1396 852 1461 modo
867 1396 1061 1461 adfecerant.
1092 1397 1187 1463 Alios

175 1480 324 1564 pedibus,
352 1481 508 1564 quosdam
535 1483 683 1547 manibus
713 1484 906 1567 auribusque
933 1485 1111 1568 amputatis
1137 1486 1186 1550 in·

176 1567 319 1651 ustisque
351 1568 562 1633 barbararum
588 1570 769 1635 litterarum
795 1573 882 1637 notis
910 1573 945 1636 in
971 1573 1108 1657 longum
1136 1573 1185 1637 sui

175 1655 348 1720 ludibrium
376 1661 630 1722 reservaverant:
667 1663 711 1742 et,
743 1681 815 1724 cum
843 1681 877 1723 se
903 1682 1029 1744 quoque
1059 1660 1184 1725 alienae

176 1742 310 1808 dicionis
342 1765 412 1810 esse
444 1748 622 1830 cernerent,
653 1748 797 1812 volentes
828 1748 898 1832 regi
926 1768 1090 1812 occurrere
1117 1770 1185 1814 non

142 1853 156 1902 v
175 1832 414 1914 prohibuerant.
447 1831 618 1899 Invisitata
640 1835 818 1919 simulacra,
840 1857 906 1899 non
927 1835 1076 1900 homines
1099 1836 1184 1900 vide-

80 1960 84 1968 ,
175 1920 294 1985 bantur
325 1943 384 1986 nec
414 1922 585 2006 quicquam
610 1922 646 1987 in
672 1923 736 1987 illis
764 1926 891 2006 praeter
917 1944 1029 1988 vocem
1055 1927 1185 2007 poterat

176 2008 337 2092 adgnosci.
386 2008 499 2073 Plures
530 2011 630 2095 igitur
660 2010 807 2074 lacrimas
840 2031 1053 2092 commovere,
1088 2033 1184 2096 quam

174 2095 383 2175 profuderant
414 2096 489 2177 ipsi:
521 2097 639 2179 quippe
669 2097 704 2159 in
735 2099 803 2160 tam
834 2096 1003 2179 multiplici
1030 2100 1184 2184 variaque

174 2180 306 2244 fortuna
337 2182 536 2265 singulorum
566 2183 764 2246 intuentibus
797 2183 915 2246 similes
947 2182 1094 2268 quidem,
1130 2186 1184 2251 sed

174 2270 284 2330 tamen
307 2267 449 2350 dispares
471 2289 603 2351 poenas,
625 2269 696 2352 quis
719 2269 856 2333 maxime
878 2269 1069 2334 miserabilis
1090 2278 1185 2360 esset,

139 2377 155 2426 8
173 2354 294 2438 liquere
317 2376 385 2420 non
406 2358 541 2440 poterat.
578 2355 623 2422 Ut
644 2378 719 2422 vero
737 2357 847 2422 Iovem
869 2356 917 2421 illi
938 2358 1070 2422 tandem
1085 2359 1185 2427 Grac·

174 2443 241 2508 ciae
275 2445 413 2508 ultorem
445 2445 608 2528 aperuisse
640 2445 749 2510 oculos
781 2446 1033 2530 conclamavere,
1069 2468 1185 2515 001000

174 2532 245 2615 pari
272 2533 428 2617 supplicio
458 2532 574 2597 adfecti
601 2532 663 2598 sibi
684 2533 884 2599 videbantur.
929 2533 997 2597 Rex
1020 2534 1185 2623 abstersis,

175 2641 253 2703 quas
275 2621 470 2705 profuderat,
492 2621 632 2686 lacrimis
650 2621 771 2686 bonum
789 2623 907 2686 habere
923 2622 1066 2686 animum
1079 2623 1185 2691 iubet:

173 2708 299 2771 visuros
321 2708 417 2772 urbes
441 2730 515 2773 suas
537 2710 751 2794 coniugesque
770 2714 803 2774 et
821 2710 937 2776 liberos.
974 2707 1088 2775 Castra
1107 2712 1184 2778 inde

139 2794 237 2864 oduo
272 2794 312 2858 ab
344 2796 422 2859 urbe
455 2797 558 2860 stadia
590 2798 774 2862 communit.
829 2795 943 2862 Graeci
980 2803 1219 2867 excesserantl

174 2882 258 2945 vallo
291 2882 507 2966 deliberaturi,
539 2883 615 2967 quid
641 2885 845 2967 potissimum
874 2906 994 2970 aroge
1021 2888 1183 2968 peterent:

174 2989 308 3052 cumque
332 2970 403 3033 aliis
423 2970 530 3034 sedem
547 2971 583 3035 in
600 2970 680 3035 Asia
698 2993 820 3057 rogare,
844 2973 914 3036 aliis
932 2973 1049 3037 reverti
1067 2973 1183 3042 domos

173 3057 322 3141 placeret,
343 3057 524 3121 Euctemon
542 3056 699 3142 Cymaeus
721 3059 768 3123 ita
790 3060 915 3124 locutus
935 3062 975 3125 ad
993 3081 1048 3125 eos
1067 3061 1183 3128 fertur:

124 3166 155 3214 10
175 3144 233 3229 Ἥ,
264 3145 319 3227 qui
341 3145 437 3210 modo
465 3145 562 3209 etiarn
590 3145 631 3210 ad
658 3167 752 3230 opem
779 3148 950 3231 petendam
978 3169 1017 3212 ex
1038 3151 1184 3216 tenebris

174 3236 207 3297 et
237 3253 362 3297 carcere
393 3234 563 3317 procedere
594 3234 790 3318 erubuimus,
826 3237 864 3299 ut
893 3256 980 3299 nunc
1012 3238 1074 3321 est,
1107 3261 1183 3324 sup·

174 3321 269 3405 plicia
295 3324 408 3384 nostra
429 3357 469 3367 -—
495 3343 631 3405 quorum
656 3344 716 3387 nos
738 3322 858 3406 pudeat
880 3323 983 3408 magis
1006 3344 1049 3387 an
1070 3328 1184 3408 paeni·

173 3412 255 3493 teat,
276 3409 433 3474 incertum
456 3412 506 3474 est
527 3447 571 3456 —
593 3412 754 3475 ostentare
776 3409 928 3475 Graeciae
951 3410 1038 3475 velut
1060 3411 1184 3479 laetum

124 3520 154 3568 11
174 3499 391 3583 spectaculum
422 3497 576 3582 cupimus.
620 3499 721 3582 Atqui
748 3497 868 3582 optime
890 3499 1036 3563 miserias
1062 3499 1184 3584 ferunt,
