2444 3908
522 133 553 198 Q.
573 132 683 188 CURTI
701 131 787 187 RUFI

574 327 655 395 One.
672 326 729 393 VI.

114 463 128 510 1
236 450 300 516 Hic
328 473 404 516 vero
428 452 536 534 palam
559 451 751 534 cupiditates
776 473 850 515 suas
875 450 973 515 solvit
996 451 1221 519 contium-20

148 541 292 625 tiamque
314 543 347 604 et
370 540 632 619 moderationem,
655 539 690 603 in
709 539 869 604 altissima
888 559 1011 622 quaque
1031 538 1172 604 fortuna

149 628 325 693 eminentia
357 628 456 709 bona,
492 629 528 691 in
564 627 749 710 superbiam
786 648 823 691 ac
855 627 1021 691 lasciviam
1053 628 1170 694 vertit.

114 717 278 782 2Patrios
305 738 410 781 mores
438 715 704 800 disciplinamque
732 714 943 780 Macedonum
969 735 1085 798 regum
1116 737 1169 780 sa·

104 852 107 858 -
148 806 285 869 lubriter
307 807 522 888 temperatam
546 806 578 867 et
599 804 728 867 civilem
755 803 904 867 habitum
927 803 1015 867 velut
1038 803 1170 869 leviora

149 893 371 978 magnitudine
400 915 458 956 sua
485 892 603 956 ducens
630 890 777 956 Persicae
804 891 914 974 regiae
940 912 1000 974 par
1027 889 1168 956 deorum

115 992 131 1039 3
150 982 315 1064 potentiae
338 981 505 1064 fastigium
525 980 761 1044 aemulabatur:
786 980 902 1060 [iacere
921 978 1011 1043 humi
1029 1000 1168 1045 venera·

150 1071 274 1134 hundos
302 1069 422 1152 ipsum]
450 1068 669 1152 paulatimque
697 1068 867 1132 servilibus
895 1067 1085 1131 ministeriis
1113 1071 1168 1133 tot

148 1159 288 1221 victores
316 1155 461 1240 gentium
489 1155 622 1219 inbuere
646 1159 678 1219 et
705 1155 840 1238 captivis
863 1175 957 1238 pares
980 1154 1087 1219 facere
1111 1176 1167 1219 ex-

115 1245 289 1326 4petebat.
338 1242 451 1326 Itaque
474 1265 670 1326 purpureum
694 1243 841 1307 diadema
863 1242 1053 1307 distinctum
1076 1243 1167 1327 albo,

150 1332 244 1413 quale
267 1330 392 1394 Dareus
420 1331 593 1414 habuerat,
623 1331 721 1413 capiti
744 1328 955 1394 circumdedit
976 1334 1168 1416 vestemque

150 1418 313 1483 Persicam
341 1418 491 1501 sumpsit,
520 1439 562 1482 ne
589 1439 683 1482 omen
711 1418 839 1502 quidem
866 1419 1000 1501 veritus,
1028 1419 1116 1502 quod
1146 1442 1168 1484 a

117 1507 285 1571 avictoris
313 1506 496 1590 insignibus
524 1507 558 1570 in
586 1506 704 1570 devicti
735 1506 889 1570 transiret
916 1506 1073 1571 habitum.
1120 1506 1168 1572 Et

150 1595 205 1657 ille
234 1616 267 1658 se
296 1594 424 1677 quidem
453 1595 556 1677 spolia
584 1593 755 1658 Persarum
782 1598 909 1679 gestare
937 1593 1078 1675 dicebat,
1107 1596 1166 1659 sed

151 1703 223 1746 cum
241 1681 308 1746 illis
323 1704 448 1766 quoque
463 1704 567 1748 mores
585 1682 749 1765 induerat,
768 1683 1014 1765 superbiamque
1028 1681 1166 1748 habitus

116 1782 131 1830 6
151 1770 251 1834 animi
273 1771 447 1835 insolentia
470 1772 677 1855 sequebatur:
701 1807 743 1816 -
766 1770 894 1835 litteras
919 1791 1058 1853 quoque,
1081 1792 1165 1854 quas

150 1859 184 1923 in
202 1859 369 1942 Europam
387 1860 540 1942 mitteret,
562 1860 680 1924 veteris
701 1859 790 1922 anuli
809 1879 938 1943 gemma
958 1858 1166 1945 obsignabat,

150 1947 205 2030 iis,
238 1970 315 2031 quas
344 1949 378 2011 in
406 1948 520 2011 Asiam
548 1948 714 2031 scriberet,
742 1945 840 2010 Darei
859 1947 983 2016 ,anulus
1011 1947 1166 2029 inprime·

151 2037 260 2100 batur:
295 2071 333 2082 -
359 2039 395 2098 ut
422 2036 591 2118 adpareret
622 2057 721 2099 unum
754 2035 897 2097 animum
930 2035 1066 2098 duorum
1097 2056 1167 2100 non

116 2135 131 2184 t
152 2143 265 2205 capere
288 2122 459 2185 fortunam.
505 2122 637 2187 Amicos
656 2143 731 2186 vero
752 2125 784 2185 et
806 2122 928 2203 equites
952 2159 993 2168 -
1016 2121 1052 2185 hi
1075 2144 1166 2188 nam-

152 2230 212 2292 que
243 2209 405 2290 principes
437 2209 578 2272 militum
611 2245 653 2255 —
686 2212 893 2291 aspernantes
929 2208 1074 2294 quidem,
1107 2213 1166 2276 sed

116 2319 132 2368 8
151 2316 299 2360 recusare
321 2317 387 2360 non
409 2317 505 2360 ausos
528 2295 665 2359 Persicis
690 2299 860 2360 ornaverat
882 2297 1036 2361 vestibus.
1077 2297 1166 2365 Peli·

152 2406 204 2449 ces
224 2400 288 2449 ccc
303 2386 335 2448 et
349 2401 429 2462 mxv,
447 2384 584 2449 totidem
603 2387 683 2467 quot
701 2384 799 2447 Darei
816 2384 956 2467 fuerant,
972 2386 1097 2470 regiam
1116 2388 1166 2452 in·

151 2473 296 2557 plebant,
320 2495 399 2557 quas
423 2473 602 2556 spadonum
624 2492 748 2556 greges,
772 2475 805 2536 et
822 2472 884 2556 ipsi
904 2474 1075 2537 muliebria
1092 2477 1166 2558 pati

116 2585 132 2632 9
152 2561 286 2644 adsueti,
310 2561 534 2644 sequebantur.
580 2559 668 2624 Haeo
689 2562 765 2624 luxu
789 2563 821 2624 et
844 2562 1022 2644 peregrinis
1040 2562 1216 2633 infecta21

151 2650 296 2713 moribus
319 2654 443 2713 veteres
461 2649 606 2732 Philippi
623 2649 753 2731 milites,
774 2649 864 2712 rudis
882 2649 972 2713 natio
992 2648 1033 2713 ad
1050 2651 1165 2736 volup-

151 2740 250 2819 tates,
279 2736 387 2818 palam
415 2738 647 2801 aversabantur
673 2737 817 2820 totisque
845 2737 960 2801 castris
985 2759 1065 2801 unus
1094 2759 1165 2804 om·

151 2824 240 2886 nium
272 2844 384 2886 sensus
416 2845 453 2886 ac
484 2846 589 2887 sermo
619 2828 701 2908 erat,
732 2825 806 2906 plus
836 2825 991 2889 amissum
1017 2825 1166 2912 victoria,

101 2927 133 2975 10
154 2932 250 2993 quam
278 2911 364 2974 bello
392 2931 462 2975 esse
490 2911 684 2994 quaesitum:
717 2917 782 2976 tum
809 2934 882 2976 cum
909 2914 1048 2976 maxime
1075 2914 1166 2979 vinci

152 3000 240 3080 ipsos
269 2998 404 3080 dedique
432 2999 545 3063 alienis
573 2999 716 3063 moribus
743 3003 776 3063 et
804 3000 953 3064 externis.
999 2999 1068 3074 Quo
1091 3004 1166 3066 tan·

153 3086 224 3150 dem
255 3107 310 3151 ore
337 3086 449 3151 domos
478 3087 570 3171 quasi
597 3086 630 3150 in
659 3087 786 3170 captivo
814 3087 927 3151 habitu
954 3090 1164 3154 reversuros?

152 3173 276 3238 Pudere
300 3174 365 3238 iam
390 3176 448 3238 sui.
493 3174 615 3259 Regem
638 3175 732 3240 victis
752 3197 847 3258 quam
865 3175 1041 3241 victoribus
1061 3177 1163 3241 simil-

152 3263 252 3327 iorem
267 3283 305 3326 ex
319 3261 526 3327 Macedoniae
544 3265 739 3346 imperatore
752 3263 851 3328 Darei
866 3268 1018 3347 satrapen
1030 3264 1165 3332 factum.

105 3369 134 3416 11
154 3350 213 3414 llle
235 3372 302 3415 non
323 3349 469 3434 ignarus,
492 3353 525 3415 et
546 3352 707 3434 principes
731 3352 908 3416 amicorum
932 3356 964 3415 et
987 3353 1166 3419 exercitum

153 3440 296 3523 graviter
316 3438 441 3522 offendi,
464 3439 604 3523 gratiam
624 3439 817 3503 liberalitate
839 3440 993 3524 donisque
1012 3462 1165 3524 reparare

153 3528 345 3612 temptabat.
392 3524 466 3613 Sed,
489 3526 613 3613 opinor,
635 3526 746 3592 liberis
769 3528 909 3612 pretium
934 3528 1101 3594 servitutis
1115 3529 1164 3594 in·
