2444 3908
325 150 578 206 HISTORIARUM
595 150 810 206 ALEXANDRI
827 152 867 220 V,
885 159 910 207 5.
1079 155 1124 218 95

117 297 173 380 qui
196 296 405 378 abscondunt,
427 316 486 358 nec
508 294 1129 364 1111111111111111111111111111111111111·
1196 311 1199 315 ’

117 385 234 467 patria,
267 406 363 468 quem
386 345 460 447 s'olit
446 382 523 446 tudo
547 385 580 445 et
602 384 705 445 status
728 383 842 464 prioris
865 385 994 450 oblivio.
1037 385 1122 450 Nam

118 471 172 555 qui
193 471 362 535 multum
352 492 386 534 111
410 491 540 534 suorum
561 470 777 534 misericordia
798 476 938 556 ponunt,
960 474 1122 557 ignorant,

117 581 214 642 quam
237 560 380 622 celeriter
401 557 583 621 lacrimae'
574 561 762 621 marescant.
740 556 901 623 tNemo
921 561 1023 624 fidelit
1009 565 1058 624 ter
1076 562 1121 626 di·
1143 582 1175 630 11

115 647 202 730 ligit,
229 668 324 729 quern
350 646 486 709 fastidit:
517 667 595 709 111111
621 648 655 709 11
676 645 841 710 calamitas
864 649 997 730 querula
1019 653 1068 712 est
1090 654 1123 713 et

117 735 255 816 superba
276 734 423 798 felicitas.
458 733 510 796 Ita
491 754 625 797 asuam
648 733 781 816 quisque
802 733 1000 798 fortunam
990 757 1025 798 1n
1048 757 1121 800 con·

118 822 189 886 silio
211 821 321 903 habet,
345 843 417 885 curn
440 821 478 884 de
500 821 606 884 aliena
629 821 792 885 deliberat.
834 819 906 885 Nisi
929 826 1040 886 mutuo
1063 825 1121 886 mi·

117 910 180 973 seri
202 931 352 993 essemus,
375 909 452 972 olim
474 908 556 972 alius
579 908 633 971 alii
653 908 868 991 potuissemus
887 930 956 974 esse
975 910 1121 975 fastidio:

116 998 192 1080 quid
224 997 340 1061 mirum
372 999 421 1060 est
451 996 633 1059 fortunatos
661 1016 785 1078 semper
811 1017 921 1080 parem
949 997 1121 1080 quaerere?

118 1083 256 1149 Obsecro
278 1106 350 1167 vos,
377 1084 454 1149 olim
475 1084 543 1147 rita
565 1082 707 1146 defuncti
729 1105 919 1166 quaeramus
941 1085 1061 1168 locum,
1086 1086 1172 1152 inre

117 1193 180 1256 quo
203 1172 281 1236 haec
305 1193 427 1236 semesa
446 1172 627 1235 obruamus.
663 1169 756 1235 Grati
773 1193 904 1255 prorsus
922 1173 1121 1257 coniugibus,

117 1281 197 1342 quas
218 1259 348 1324 iuvenes
371 1260 531 1342 duximus,
553 1259 761 1322 revertemur!
803 1258 909 1323 Liberi
931 1260 965 1323 in
987 1259 1065 1324 flore
1089 1264 1122 1324 et

117 1347 231 1410 aetatis
268 1350 301 1411 11
330 1369 437 1412 rerum
468 1347 667 1498 adgnoscent
696 1350 804 1429 patres
837 1350 946 1431 ergast
931 1348 992 1411 tuli
1024 1348 1120 1411 detri-

116 1437 239 1499 menta!
270 1435 315 1498 Et
337 1439 437 1519 quota
458 1457 533 1518 pars
556 1438 660 1499 nostrr
681 1434 844 1499 totobire
866 1438 969 1499 terras
990 1436 1118 1519 potest?
1141 1453 1172 1501 14

115 1521 232 1587 Procul
253 1522 417 1624 Europa
407 1544 442 1586 1n
463 1522 522 1586 ult'
498 1526 578 1586 111111
601 1521 739 1586 Orientis
762 1523 909 1608 relegati,
939 1544 1045 1606 senes,
1068 1523 1119 1586 de-

116 1610 208 1693 biles,
239 1612 361 1674 maiore
392 1611 607 1675 membrorum
634 1613 727 1692 parte
696 1610 885 1673 ttimulca
859 1611 1119 1674 ttolerabimus

115 1699 245 1780 11111111,
268 1719 348 1781 quae
373 1700 512 1760 armatos
532 1700 564 1760 11
581 1697 717 1761 victores
734 1696 922 1781 fatigarunt.
959 1696 1119 1782 Coniuges
1139 1715 1171 1763 15

116 1783 243 1866 deinde,
274 1805 353 1865 quas
385 1784 486 1865 captis
517 1783 584 1847 fors
616 1786 649 1846 et
678 1785 853 1847 necessitas
880 1785 1010 1848 unicum
1038 1787 1119 1849 sola-

115 1870 200 1934 cium
228 1870 394 1952 adplicuit,
424 1891 604 1952 parvosque
631 1869 748 1934 liberos
770 1871 929 1934 trahimus
952 1871 1119 1935 nobiscum

115 1980 157 2021 an
179 1957 409 2040 relinquimus?
446 1955 527 2020 Cum
547 1957 599 2020 his
622 1956 785 2020 venientes
807 1978 902 2021 nemo
927 1958 1119 2040 adgnoscere
1140 1979 1171 2026 11

114 2045 214 2110 volet:
251 2045 466 2129 relinquemus
490 2065 566 2129 ergo
590 2045 748 2127 extemplo
770 2045 952 2128 praesentia
973 2045 1120 2129 pignora,

115 2155 186 2197 cum
208 2133 312 2197 incert
298 2136 367 2196 tum
390 2133 440 2215 sit,
464 2154 506 2196 an
527 2132 627 2196 visuri
649 2133 748 2196 simus
770 2133 835 2216 illa,
858 2154 938 2216 quae
958 2133 1118 2215 petimus?

114 2220 168 2284 Int
155 2225 204 2284 ter
226 2222 285 2285 hos
308 2221 473 2284 latendum
496 2223 554 2304 est,
576 2220 631 2304 qui
652 2241 712 2285 nos
735 2221 869 2285 miseros
890 2242 986 2285 nosse
1009 2243 1120 2304 coepe-

64 2307 211 2373 lt.'9run
247 2307 336 2373 Haec
349 2309 433 2373 Euct
419 2312 538 2372 t.emon
572 2307 656 2373 Cont
642 2311 694 2372 tra
707 2308 900 2373 Theaetetus
914 2308 959 2372 At
944 2309 1119 2374 theniensis
1140 2328 1170 2375 11

114 2418 206 2461 orsus
230 2400 280 2460 est
301 2397 417 2461 dicere:
439 2395 609 2460 Neminem
631 2397 720 2478 pium
742 2396 856 2459 habitu
878 2397 1020 2479 corporis
1043 2418 1119 2460 suos

115 2485 366 2567 aestimaturum,
388 2484 498 2567 utique
522 2483 655 2547 saevitia
675 2483 789 2565 hostis,
811 2504 878 2545 non
899 2487 956 2547 nat
956 2505 1015 2546 ura
1037 2484 1119 2546 cala-

113 2572 257 2637 mitosos.
309 2571 452 2654 Dignum
484 2591 552 2634 esse
585 2569 673 2632 omni
703 2569 802 2651 malo,
835 2570 889 2652 qui
921 2569 1120 2634 erubesceret

113 2659 262 2723 fortuito:
284 2659 411 2722 tristem
434 2656 518 2720 enim
540 2657 580 2719 de
602 2656 799 2720 mortalitate
820 2655 903 2719 ferre
927 2657 1119 2721 sententiam

114 2749 148 2810 et
176 2746 344 2829 desperare
373 2743 635 2824 misericordiam,
666 2744 742 2825 quia
767 2744 836 2827 ipse
864 2744 956 2807 alteri
983 2745 1118 2830 denega-

113 2837 205 2896 turus
234 2834 284 2896 111.
329 2830 428 2914 Deos,
456 2831 541 2913 quod
563 2831 624 2913 ipsi
646 2852 821 2914 numquam
844 2834 955 2915 optare
979 2833 1049 2897 ausi
1070 2834 1118 2898 fo·
1139 2857 1171 2906 18

114 2922 199 3000 rent,
227 2919 354 2983 offerre:
385 2919 537 3002 patriam,
565 2919 729 3002 coniuges,
755 2919 874 2984 liberos
897 2923 942 3002 et,
965 2921 1119 3006 quidquid

113 3006 260 3070 homines
283 3008 335 3070 111
356 3006 423 3070 vita
446 3006 615 3070 aestimant
636 3007 688 3069 111
709 3009 813 3070 morte
831 3007 999 3075 redimunt
1033 3007 1119 3084 Quin
1137 3028 1189 3089 11,-

113 3094 162 3158 1111
185 3116 224 3158 ex
245 3094 306 3158 hoc
329 3115 453 3159 carcere
476 3093 700 3176 erumperent?
727 3094 824 3157 alium
847 3095 934 3159 domi
951 3116 1021 3160 esse
1038 3095 1120 3169 caeli
1133 3162 1136 3167 ,

113 3183 275 3265 haustum,
297 3183 394 3246 alium
416 3181 497 3246 lucis
520 3185 693 3264 aspectum.
729 3181 845 3267 Mores,
868 3204 968 3266 sacra,
976 3180 1141 3284 lingum*

114 3271 382 3334 commerciume
366 3271 463 3334 etiam
491 3292 511 3333 a
537 3269 682 3333 barbaris
710 3270 828 3353 expeti:
865 3291 945 3354 quae
972 3269 1008 3334 in
1073 3270 1082 3287 ⁰

113 3358 177 3440 ipsi
203 3359 352 3423 omissuri
380 3359 445 3422 sint
467 3379 525 3421 sua
548 3360 678 3440 sponte,
706 3379 773 3421 non
799 3358 841 3421 ob
868 3357 954 3421 aliud
975 3359 1058 3431 tam.
1065 3340 1118 3427 da·

113 3445 267 3529 lamitosi,
299 3469 395 3530 quam
428 3445 512 3528 quod
543 3445 606 3507 illis
639 3466 745 3509 carere
777 3445 879 3509 coacti
910 3445 1044 3515 essent.
1076 3440 1118 3509 Se

114 3536 199 3596 certe
230 3534 312 3597 redit
298 3537 406 3597 turum
438 3534 479 3597 ad
507 3535 639 3615 penates
668 3533 741 3596 et
731 3554 767 3596 111
796 3531 935 3614 patriam
960 3530 1115 3615 caroea
