<?xml version="1.0" encoding="UTF-8"?>
<!DOCTYPE html PUBLIC "-//W3C//DTD XHTML 1.0 Transitional//EN"
    "http://www.w3.org/TR/xhtml1/DTD/xhtml1-transitional.dtd">
<html xmlns="http://www.w3.org/1999/xhtml" xml:lang="en" lang="en">
 <head>
  <title>
</title>
<meta http-equiv="Content-Type" content="text/html;charset=utf-8" />
  <meta name='ocr-system' content='tesseract 3.04.00' />
  <meta name='ocr-capabilities' content='ocr_page ocr_carea ocr_par ocr_line ocrx_word'/>
</head>
<body>
  <div class='ocr_page' id='page_1' title='image "./historiarumalex01rufugoog_0311.png"; bbox 0 0 2444 3908; ppageno 0'>
   <div class='ocr_carea' id='block_1_1' title="bbox 102 155 740 221">
    <p class='ocr_par' dir='ltr' id='par_1_1' title="bbox 102 155 740 221">
     <span class='ocr_line' id='line_1_1' title="bbox 102 155 740 221; baseline -0.002 -10"><span class='ocrx_word' id='word_1_1' title='bbox 102 156 169 220; x_wconf 79' lang='grc'>274</span> <span class='ocrx_word' id='word_1_2' title='bbox 475 155 506 221; x_wconf 81' lang='lat' dir='ltr'>Q.</span> <span class='ocrx_word' id='word_1_3' title='bbox 526 155 636 212; x_wconf 81' lang='lat' dir='ltr'>GURTI</span> <span class='ocrx_word' id='word_1_4' title='bbox 653 157 740 212; x_wconf 82' lang='lat' dir='ltr'>RUFI</span> 
     </span>
    </p>
   </div>
   <div class='ocr_carea' id='block_1_2' title="bbox 50 296 1222 3728">
    <p class='ocr_par' dir='ltr' id='par_1_2' title="bbox 50 296 1222 3728">
     <span class='ocr_line' id='line_1_2' title="bbox 104 296 1128 386; baseline 0.001 -21"><span class='ocrx_word' id='word_1_5' title='bbox 104 323 235 365; x_wconf 92' lang='lat' dir='ltr'>suorum</span> <span class='ocrx_word' id='word_1_6' title='bbox 268 300 356 363; x_wconf 89' lang='lat' dir='ltr'>mala</span> <span class='ocrx_word' id='word_1_7' title='bbox 387 296 579 385; x_wconf 82' lang='lat' dir='ltr'>Sisigambis</span> <span class='ocrx_word' id='word_1_8' title='bbox 615 322 680 364; x_wconf 87' lang='lat' dir='ltr'>una</span> <span class='ocrx_word' id='word_1_9' title='bbox 716 300 873 383; x_wconf 89' lang='lat' dir='ltr'>capiebat.</span> <span class='ocrx_word' id='word_1_10' title='bbox 918 298 984 364; x_wconf 89' lang='lat' dir='ltr'>Illa</span> <span class='ocrx_word' id='word_1_11' title='bbox 1019 322 1128 386; x_wconf 85' lang='lat' dir='ltr'>suam,</span> 
     </span>
     <span class='ocr_line' id='line_1_3' title="bbox 104 387 1127 472; baseline 0.002 -20"><span class='ocrx_word' id='word_1_12' title='bbox 104 389 163 452; x_wconf 91' lang='grc'><strong>1110</strong></span> <span class='ocrx_word' id='word_1_13' title='bbox 186 389 333 471; x_wconf 77' lang='lat' dir='ltr'>neptium</span> <span class='ocrx_word' id='word_1_14' title='bbox 356 388 460 452; x_wconf 81' lang='lat' dir='ltr'>uicem</span> <span class='ocrx_word' id='word_1_15' title='bbox 483 388 591 452; x_wconf 87' lang='lat' dir='ltr'>flebat.</span> <span class='ocrx_word' id='word_1_16' title='bbox 639 387 765 452; x_wconf 83' lang='lat' dir='ltr'><strong>Recens</strong></span> <span class='ocrx_word' id='word_1_17' title='bbox 788 387 880 451; x_wconf 92' lang='lat' dir='ltr'>dolor</span> <span class='ocrx_word' id='word_1_18' title='bbox 902 388 1005 452; x_wconf 85' lang='lat' dir='ltr'>etiam</span> <span class='ocrx_word' id='word_1_19' title='bbox 1032 411 1127 472; x_wconf 83' lang='lat' dir='ltr'>prae</span> 
     </span>
     <span class='ocr_line' id='line_1_4' title="bbox 103 473 1125 542; baseline 0.002 -2"><span class='ocrx_word' id='word_1_20' title='bbox 103 478 201 540; x_wconf 89' lang='lat' dir='ltr'>terita</span> <span class='ocrx_word' id='word_1_21' title='bbox 228 480 443 540; x_wconf 85' lang='lat' dir='ltr'>revocaverat.</span> <span class='ocrx_word' id='word_1_22' title='bbox 489 473 643 539; x_wconf 78' lang='lat' dir='ltr'>Crederes</span> <span class='ocrx_word' id='word_1_23' title='bbox 671 475 765 539; x_wconf 94' lang='lat' dir='ltr'>modo</span> <span class='ocrx_word' id='word_1_24' title='bbox 794 475 950 539; x_wconf 87' lang='lat' dir='ltr'>amissum</span> <span class='ocrx_word' id='word_1_25' title='bbox 972 475 1125 542; x_wconf 85' lang='lat' dir='ltr'>Dareum</span> 
     </span>
     <span class='ocr_line' id='line_1_5' title="bbox 105 562 1124 647; baseline 0.002 -20"><span class='ocrx_word' id='word_1_26' title='bbox 105 566 137 628; x_wconf 90' lang='lat' dir='ltr'>et</span> <span class='ocrx_word' id='word_1_27' title='bbox 159 564 281 647; x_wconf 86' lang='lat' dir='ltr'>pariter</span> <span class='ocrx_word' id='word_1_28' title='bbox 304 565 441 629; x_wconf 80' lang='lat' dir='ltr'>miserae</span> <span class='ocrx_word' id='word_1_29' title='bbox 468 562 602 627; x_wconf 92' lang='lat' dir='ltr'>duorum</span> <span class='ocrx_word' id='word_1_30' title='bbox 625 562 763 627; x_wconf 90' lang='lat' dir='ltr'>filiorum</span> <span class='ocrx_word' id='word_1_31' title='bbox 788 563 939 646; x_wconf 88' lang='lat' dir='ltr'>exequias</span> <span class='ocrx_word' id='word_1_32' title='bbox 965 585 1043 629; x_wconf 88' lang='lat' dir='ltr'>esse</span> <span class='ocrx_word' id='word_1_33' title='bbox 1068 565 1124 629; x_wconf 91' lang='lat' dir='ltr'>du·</span> 
     </span>
     <span class='ocr_line' id='line_1_6' title="bbox 51 650 1123 734; baseline 0.007 -24"><span class='ocrx_word' id='word_1_34' title='bbox 51 653 231 716; x_wconf 86' lang='grc'><strong>1100111100.</strong></span> <span class='ocrx_word' id='word_1_35' title='bbox 270 650 388 715; x_wconf 77' lang='lat' dir='ltr'>Flebat</span> <span class='ocrx_word' id='word_1_36' title='bbox 410 650 506 716; x_wconf 92' lang='lat' dir='ltr'>simul</span> <span class='ocrx_word' id='word_1_37' title='bbox 530 653 675 715; x_wconf 89' lang='lat' dir='ltr'>mortuos</span> <span class='ocrx_word' id='word_1_38' title='bbox 698 651 862 734; x_wconf 81' lang='lat' dir='ltr'>virosque.</span> <span class='ocrx_word' id='word_1_39' title='bbox 901 650 1006 726; x_wconf 78' lang='lat' dir='ltr'>Quem</span> <span class='ocrx_word' id='word_1_40' title='bbox 1033 653 1123 717; x_wconf 91' lang='lat' dir='ltr'>enim</span> 
     </span>
     <span class='ocr_line' id='line_1_7' title="bbox 104 737 1122 823; baseline 0.003 -21"><span class='ocrx_word' id='word_1_41' title='bbox 104 740 285 823; x_wconf 87' lang='lat' dir='ltr'>puellarum</span> <span class='ocrx_word' id='word_1_42' title='bbox 307 743 453 803; x_wconf 87' lang='lat' dir='ltr'>acturum</span> <span class='ocrx_word' id='word_1_43' title='bbox 477 760 547 803; x_wconf 91' lang='lat' dir='ltr'>esse</span> <span class='ocrx_word' id='word_1_44' title='bbox 570 738 703 802; x_wconf 82' lang='lat' dir='ltr'>curam?</span> <span class='ocrx_word' id='word_1_45' title='bbox 728 759 822 821; x_wconf 92' lang='lat' dir='ltr'>quem</span> <span class='ocrx_word' id='word_1_46' title='bbox 846 737 946 802; x_wconf 87' lang='lat' dir='ltr'>alium</span> <span class='ocrx_word' id='word_1_47' title='bbox 970 739 1122 805; x_wconf 91' lang='lat' dir='ltr'>futurum</span> 
     </span>
     <span class='ocr_line' id='line_1_8' title="bbox 104 826 1122 909; baseline 0.002 -18"><span class='ocrx_word' id='word_1_48' title='bbox 104 826 348 892; x_wconf 81' lang='lat' dir='ltr'>Alexandrum?</span> <span class='ocrx_word' id='word_1_49' title='bbox 376 827 493 890; x_wconf 90' lang='lat' dir='ltr'>iterum</span> <span class='ocrx_word' id='word_1_50' title='bbox 517 847 586 891; x_wconf 91' lang='lat' dir='ltr'>esse</span> <span class='ocrx_word' id='word_1_51' title='bbox 609 847 643 889; x_wconf 89' lang='lat' dir='ltr'>se</span> <span class='ocrx_word' id='word_1_52' title='bbox 666 829 791 909; x_wconf 88' lang='grc'><strong>000100,</strong></span> <span class='ocrx_word' id='word_1_53' title='bbox 819 827 937 889; x_wconf 91' lang='lat' dir='ltr'>iterum</span> <span class='ocrx_word' id='word_1_54' title='bbox 961 828 1122 893; x_wconf 81' lang='lat' dir='ltr'>excidisse</span> 
     </span>
     <span class='ocr_line' id='line_1_9' title="bbox 103 912 1122 1001; baseline 0.001 -21"><span class='ocrx_word' id='word_1_55' title='bbox 103 936 214 1000; x_wconf 80' lang='lat' dir='ltr'>regno.</span> <span class='ocrx_word' id='word_1_56' title='bbox 259 915 321 991; x_wconf 77' lang='lat' dir='ltr'>Qui</span> <span class='ocrx_word' id='word_1_57' title='bbox 346 918 473 979; x_wconf 92' lang='lat' dir='ltr'>mortuo</span> <span class='ocrx_word' id='word_1_58' title='bbox 496 912 603 978; x_wconf 84' lang='lat' dir='ltr'>Dareo</span> <span class='ocrx_word' id='word_1_59' title='bbox 625 913 713 996; x_wconf 89' lang='lat' dir='ltr'>ipsas</span> <span class='ocrx_word' id='word_1_60' title='bbox 739 917 897 997; x_wconf 88' lang='lat' dir='ltr'>tueretur,</span> <span class='ocrx_word' id='word_1_61' title='bbox 923 917 1122 1001; x_wconf 84' lang='lat' dir='ltr'>repperisse,</span> 
     </span>
     <span class='ocr_line' id='line_1_10' title="bbox 105 1001 1121 1087; baseline 0 -19"><span class='ocrx_word' id='word_1_62' title='bbox 105 1004 160 1087; x_wconf 92' lang='lat' dir='ltr'>qui</span> <span class='ocrx_word' id='word_1_63' title='bbox 178 1007 254 1086; x_wconf 91' lang='lat' dir='ltr'>post</span> <span class='ocrx_word' id='word_1_64' title='bbox 271 1002 490 1066; x_wconf 83' lang='lat' dir='ltr'>Alexandrum</span> <span class='ocrx_word' id='word_1_65' title='bbox 508 1001 692 1085; x_wconf 72' lang='lat' dir='ltr'>respiceret,</span> <span class='ocrx_word' id='word_1_66' title='bbox 709 1002 819 1084; x_wconf 89' lang='lat' dir='ltr'>utique</span> <span class='ocrx_word' id='word_1_67' title='bbox 838 1023 904 1066; x_wconf 93' lang='lat' dir='ltr'>non</span> <span class='ocrx_word' id='word_1_68' title='bbox 919 1007 1121 1085; x_wconf 89' lang='lat' dir='ltr'>reperturas.</span> 
     </span>
     <span class='ocr_line' id='line_1_11' title="bbox 51 1090 1121 1171; baseline 0.001 -16"><span class='ocrx_word' id='word_1_69' title='bbox 51 1100 85 1148; x_wconf 79' lang='lat'>23</span> <span class='ocrx_word' id='word_1_70' title='bbox 106 1090 243 1156; x_wconf 82' lang='lat' dir='ltr'>Subibat</span> <span class='ocrx_word' id='word_1_71' title='bbox 264 1091 348 1154; x_wconf 92' lang='lat' dir='ltr'>inter</span> <span class='ocrx_word' id='word_1_72' title='bbox 370 1090 451 1154; x_wconf 89' lang='lat' dir='ltr'>haec</span> <span class='ocrx_word' id='word_1_73' title='bbox 474 1090 629 1171; x_wconf 89' lang='lat' dir='ltr'>animum,</span> <span class='ocrx_word' id='word_1_74' title='bbox 651 1107 747 1153; x_wconf 82' lang='lat' dir='ltr'>Lxxx</span> <span class='ocrx_word' id='word_1_75' title='bbox 769 1090 887 1153; x_wconf 87' lang='lat' dir='ltr'>fratres</span> <span class='ocrx_word' id='word_1_76' title='bbox 909 1111 985 1155; x_wconf 92' lang='lat' dir='ltr'>suos</span> <span class='ocrx_word' id='word_1_77' title='bbox 1005 1092 1121 1156; x_wconf 91' lang='lat' dir='ltr'>eodem</span> 
     </span>
     <span class='ocr_line' id='line_1_12' title="bbox 105 1176 1121 1262; baseline 0.002 -20"><span class='ocrx_word' id='word_1_78' title='bbox 105 1179 156 1242; x_wconf 94' lang='lat' dir='ltr'>die</span> <span class='ocrx_word' id='word_1_79' title='bbox 181 1179 222 1243; x_wconf 89' lang='lat' dir='ltr'>ab</span> <span class='ocrx_word' id='word_1_80' title='bbox 246 1176 349 1262; x_wconf 89' lang='lat' dir='ltr'>Ocho,</span> <span class='ocrx_word' id='word_1_81' title='bbox 377 1177 564 1241; x_wconf 87' lang='lat' dir='ltr'>saevissimo</span> <span class='ocrx_word' id='word_1_82' title='bbox 588 1197 715 1261; x_wconf 89' lang='lat' dir='ltr'>regum,</span> <span class='ocrx_word' id='word_1_83' title='bbox 739 1176 917 1241; x_wconf 86' lang='lat' dir='ltr'>trucidatos</span> <span class='ocrx_word' id='word_1_84' title='bbox 942 1177 1121 1243; x_wconf 85' lang='lat' dir='ltr'>adiectum·</span> 
     </span>
     <span class='ocr_line' id='line_1_13' title="bbox 107 1264 1120 1350; baseline 0.005 -22"><span class='ocrx_word' id='word_1_85' title='bbox 107 1286 167 1349; x_wconf 91' lang='lat' dir='ltr'>que</span> <span class='ocrx_word' id='word_1_86' title='bbox 191 1265 294 1348; x_wconf 86' lang='lat' dir='ltr'>stragi</span> <span class='ocrx_word' id='word_1_87' title='bbox 315 1269 367 1329; x_wconf 90' lang='lat' dir='ltr'>tot</span> <span class='ocrx_word' id='word_1_88' title='bbox 388 1265 529 1328; x_wconf 92' lang='lat' dir='ltr'>filiorum</span> <span class='ocrx_word' id='word_1_89' title='bbox 547 1267 686 1346; x_wconf 90' lang='lat' dir='ltr'>patrem:</span> <span class='ocrx_word' id='word_1_90' title='bbox 710 1286 727 1328; x_wconf 92' lang='lat' dir='ltr'>e</span> <span class='ocrx_word' id='word_1_91' title='bbox 746 1268 870 1348; x_wconf 86' lang='lat' dir='ltr'>septem</span> <span class='ocrx_word' id='word_1_92' title='bbox 890 1264 1012 1348; x_wconf 90' lang='lat' dir='ltr'>liberis,</span> <span class='ocrx_word' id='word_1_93' title='bbox 1039 1270 1120 1350; x_wconf 88' lang='lat' dir='ltr'>quos</span> 
     </span>
     <span class='ocr_line' id='line_1_14' title="bbox 105 1351 1120 1437; baseline 0.003 -21"><span class='ocrx_word' id='word_1_94' title='bbox 105 1353 271 1437; x_wconf 80' lang='lat' dir='ltr'>genuisset</span> <span class='ocrx_word' id='word_1_95' title='bbox 291 1351 376 1434; x_wconf 87' lang='lat' dir='ltr'>ipse,</span> <span class='ocrx_word' id='word_1_96' title='bbox 398 1372 497 1415; x_wconf 90' lang='lat' dir='ltr'>unum</span> <span class='ocrx_word' id='word_1_97' title='bbox 520 1373 701 1434; x_wconf 85' lang='lat' dir='ltr'>superesse:</span> <span class='ocrx_word' id='word_1_98' title='bbox 724 1352 831 1434; x_wconf 91' lang='lat' dir='ltr'>ipsum</span> <span class='ocrx_word' id='word_1_99' title='bbox 854 1351 999 1417; x_wconf 87' lang='lat' dir='ltr'>Dareum</span> <span class='ocrx_word' id='word_1_100' title='bbox 1024 1355 1120 1419; x_wconf 90' lang='lat' dir='ltr'>floru-</span> 
     </span>
     <span class='ocr_line' id='line_1_15' title="bbox 52 1439 1121 1522; baseline 0.008 -25"><span class='ocrx_word' id='word_1_101' title='bbox 52 1441 169 1504; x_wconf 85' lang='grc'><strong>141000</strong></span> <span class='ocrx_word' id='word_1_102' title='bbox 191 1440 368 1522; x_wconf 81' lang='lat' dir='ltr'>paulisper,</span> <span class='ocrx_word' id='word_1_103' title='bbox 393 1442 432 1503; x_wconf 93' lang='lat' dir='ltr'>ut</span> <span class='ocrx_word' id='word_1_104' title='bbox 455 1439 613 1503; x_wconf 86' lang='lat' dir='ltr'>crudelius</span> <span class='ocrx_word' id='word_1_105' title='bbox 641 1444 752 1521; x_wconf 90' lang='lat' dir='ltr'>posset</span> <span class='ocrx_word' id='word_1_106' title='bbox 775 1440 929 1522; x_wconf 87' lang='lat' dir='ltr'>extingui.</span> <span class='ocrx_word' id='word_1_107' title='bbox 966 1441 1019 1506; x_wconf 91' lang='lat' dir='ltr'>Ad</span> <span class='ocrx_word' id='word_1_108' title='bbox 1044 1442 1121 1506; x_wconf 90' lang='lat' dir='ltr'>ulti·</span> 
     </span>
     <span class='ocr_line' id='line_1_16' title="bbox 105 1526 1120 1610; baseline 0.005 -20"><span class='ocrx_word' id='word_1_109' title='bbox 105 1549 192 1590; x_wconf 93' lang='lat' dir='ltr'>mum</span> <span class='ocrx_word' id='word_1_110' title='bbox 220 1527 326 1591; x_wconf 93' lang='lat' dir='ltr'>dolori</span> <span class='ocrx_word' id='word_1_111' title='bbox 354 1526 521 1591; x_wconf 83' lang='lat' dir='ltr'>succubuit</span> <span class='ocrx_word' id='word_1_112' title='bbox 552 1528 770 1610; x_wconf 87' lang='lat' dir='ltr'>obvolutoque</span> <span class='ocrx_word' id='word_1_113' title='bbox 800 1529 904 1609; x_wconf 91' lang='lat' dir='ltr'>capite</span> <span class='ocrx_word' id='word_1_114' title='bbox 933 1529 1120 1595; x_wconf 88' lang='lat' dir='ltr'>accidentes</span> 
     </span>
     <span class='ocr_line' id='line_1_17' title="bbox 105 1615 1121 1699; baseline 0.004 -21"><span class='ocrx_word' id='word_1_115' title='bbox 105 1615 240 1699; x_wconf 82' lang='lat' dir='ltr'>genibus</span> <span class='ocrx_word' id='word_1_116' title='bbox 264 1615 330 1678; x_wconf 92' lang='lat' dir='ltr'>suis</span> <span class='ocrx_word' id='word_1_117' title='bbox 353 1618 483 1698; x_wconf 89' lang='lat' dir='ltr'>neptem</span> <span class='ocrx_word' id='word_1_118' title='bbox 501 1618 714 1698; x_wconf 89' lang='lat' dir='ltr'>nepotemque</span> <span class='ocrx_word' id='word_1_119' title='bbox 733 1618 881 1679; x_wconf 84' lang='lat' dir='ltr'>aversata</span> <span class='ocrx_word' id='word_1_120' title='bbox 900 1616 972 1680; x_wconf 92' lang='lat' dir='ltr'>cibo</span> <span class='ocrx_word' id='word_1_121' title='bbox 992 1619 1121 1699; x_wconf 88' lang='lat' dir='ltr'>pariter</span> 
     </span>
     <span class='ocr_line' id='line_1_18' title="bbox 50 1701 1122 1789; baseline 0.009 -29"><span class='ocrx_word' id='word_1_122' title='bbox 50 1711 86 1761; x_wconf 80' lang='grc'>10</span> <span class='ocrx_word' id='word_1_123' title='bbox 105 1702 262 1767; x_wconf 90' lang='lat' dir='ltr'>abstinuit</span> <span class='ocrx_word' id='word_1_124' title='bbox 291 1706 325 1766; x_wconf 93' lang='lat' dir='ltr'>et</span> <span class='ocrx_word' id='word_1_125' title='bbox 351 1703 430 1767; x_wconf 91' lang='lat' dir='ltr'>luce.</span> <span class='ocrx_word' id='word_1_126' title='bbox 476 1701 623 1786; x_wconf 82' lang='lat' dir='ltr'>Quinto,</span> <span class='ocrx_word' id='word_1_127' title='bbox 637 1705 811 1785; x_wconf 89' lang='lat' dir='ltr'>postquam</span> <span class='ocrx_word' id='word_1_128' title='bbox 839 1703 922 1767; x_wconf 91' lang='lat' dir='ltr'>mori</span> <span class='ocrx_word' id='word_1_129' title='bbox 946 1708 1122 1789; x_wconf 87' lang='lat' dir='ltr'>statuerat,</span> 
     </span>
     <span class='ocr_line' id='line_1_19' title="bbox 105 1788 1122 1874; baseline 0.005 -21"><span class='ocrx_word' id='word_1_130' title='bbox 105 1791 156 1854; x_wconf 93' lang='lat' dir='ltr'>die</span> <span class='ocrx_word' id='word_1_131' title='bbox 184 1792 324 1855; x_wconf 87' lang='lat' dir='ltr'>extincte</span> <span class='ocrx_word' id='word_1_132' title='bbox 352 1795 411 1855; x_wconf 86' lang='lat' dir='ltr'>est.</span> <span class='ocrx_word' id='word_1_133' title='bbox 455 1789 609 1874; x_wconf 90' lang='lat' dir='ltr'>Magnum</span> <span class='ocrx_word' id='word_1_134' title='bbox 637 1790 782 1872; x_wconf 86' lang='lat' dir='ltr'>profecto</span> <span class='ocrx_word' id='word_1_135' title='bbox 806 1788 982 1854; x_wconf 83' lang='lat' dir='ltr'>Alexandri</span> <span class='ocrx_word' id='word_1_136' title='bbox 1009 1793 1122 1858; x_wconf 93' lang='lat' dir='ltr'>indul-</span> 
     </span>
     <span class='ocr_line' id='line_1_20' title="bbox 105 1877 1122 1963; baseline 0.005 -22"><span class='ocrx_word' id='word_1_137' title='bbox 105 1879 233 1963; x_wconf 87' lang='lat' dir='ltr'>gentiae</span> <span class='ocrx_word' id='word_1_138' title='bbox 260 1879 294 1942; x_wconf 93' lang='lat' dir='ltr'>in</span> <span class='ocrx_word' id='word_1_139' title='bbox 322 1900 392 1943; x_wconf 89' lang='lat' dir='ltr'>eam</span> <span class='ocrx_word' id='word_1_140' title='bbox 419 1878 624 1961; x_wconf 87' lang='lat' dir='ltr'>iust&#39;tiaeque</span> <span class='ocrx_word' id='word_1_141' title='bbox 651 1877 686 1941; x_wconf 93' lang='lat' dir='ltr'>in</span> <span class='ocrx_word' id='word_1_142' title='bbox 709 1898 820 1941; x_wconf 90' lang='lat' dir='ltr'>omnes</span> <span class='ocrx_word' id='word_1_143' title='bbox 844 1880 988 1961; x_wconf 85' lang='lat' dir='ltr'>captivos</span> <span class='ocrx_word' id='word_1_144' title='bbox 1023 1881 1122 1946; x_wconf 91' lang='lat' dir='ltr'>docu-</span> 
     </span>
     <span class='ocr_line' id='line_1_21' title="bbox 104 1966 1124 2052; baseline 0.005 -23"><span class='ocrx_word' id='word_1_145' title='bbox 104 1971 248 2032; x_wconf 85' lang='lat' dir='ltr'>mentum</span> <span class='ocrx_word' id='word_1_146' title='bbox 275 1970 325 2030; x_wconf 90' lang='lat' dir='ltr'>est</span> <span class='ocrx_word' id='word_1_147' title='bbox 352 1987 438 2031; x_wconf 91' lang='lat' dir='ltr'>mors</span> <span class='ocrx_word' id='word_1_148' title='bbox 461 1966 570 2047; x_wconf 92' lang='lat' dir='ltr'>huius,</span> <span class='ocrx_word' id='word_1_149' title='bbox 603 1987 684 2049; x_wconf 89' lang='lat' dir='ltr'>quae</span> <span class='ocrx_word' id='word_1_150' title='bbox 712 1986 784 2029; x_wconf 92' lang='lat' dir='ltr'>cum</span> <span class='ocrx_word' id='word_1_151' title='bbox 808 1967 1018 2032; x_wconf 90' lang='lat' dir='ltr'>sustinuisset</span> <span class='ocrx_word' id='word_1_152' title='bbox 1042 1974 1124 2052; x_wconf 88' lang='lat' dir='ltr'>post</span> 
     </span>
     <span class='ocr_line' id='line_1_22' title="bbox 52 2052 1171 2135; baseline 0.008 -22"><span class='ocrx_word' id='word_1_153' title='bbox 52 2065 87 2114; x_wconf 85' lang='grc'>10</span> <span class='ocrx_word' id='word_1_154' title='bbox 105 2053 247 2118; x_wconf 87' lang='lat' dir='ltr'>Dareum</span> <span class='ocrx_word' id='word_1_155' title='bbox 270 2055 384 2132; x_wconf 86' lang='lat' dir='ltr'>vivere,</span> <span class='ocrx_word' id='word_1_156' title='bbox 407 2052 591 2117; x_wconf 88' lang='lat' dir='ltr'>Alexandro</span> <span class='ocrx_word' id='word_1_157' title='bbox 615 2074 686 2117; x_wconf 91' lang='lat' dir='ltr'>esse</span> <span class='ocrx_word' id='word_1_158' title='bbox 709 2057 870 2135; x_wconf 89' lang='lat' dir='ltr'>superstes</span> <span class='ocrx_word' id='word_1_159' title='bbox 894 2055 1034 2120; x_wconf 87' lang='lat' dir='ltr'>erubuit.</span> <span class='ocrx_word' id='word_1_160' title='bbox 1075 2056 1171 2122; x_wconf 80' lang='lat' dir='ltr'>Etld</span> 
     </span>
     <span class='ocr_line' id='line_1_23' title="bbox 103 2141 1121 2225; baseline 0.005 -19"><span class='ocrx_word' id='word_1_161' title='bbox 103 2141 233 2206; x_wconf 87' lang='lat' dir='ltr'>hercule</span> <span class='ocrx_word' id='word_1_162' title='bbox 251 2142 336 2205; x_wconf 91' lang='lat' dir='ltr'>iuste</span> <span class='ocrx_word' id='word_1_163' title='bbox 356 2141 602 2204; x_wconf 84' lang='lat' dir='ltr'>aestimantibus</span> <span class='ocrx_word' id='word_1_164' title='bbox 620 2160 729 2223; x_wconf 90' lang='lat' dir='ltr'>regem</span> <span class='ocrx_word' id='word_1_165' title='bbox 748 2141 859 2225; x_wconf 91' lang='lat' dir='ltr'>liquet,</span> <span class='ocrx_word' id='word_1_166' title='bbox 877 2142 964 2207; x_wconf 87' lang='lat' dir='ltr'>bona</span> <span class='ocrx_word' id='word_1_167' title='bbox 977 2148 1121 2212; x_wconf 88' lang='lat' dir='ltr'>naturae</span> 
     </span>
     <span class='ocr_line' id='line_1_24' title="bbox 53 2228 1121 2310; baseline 0.009 -22"><span class='ocrx_word' id='word_1_168' title='bbox 53 2230 173 2293; x_wconf 78' lang='grc'><strong>1101110</strong></span> <span class='ocrx_word' id='word_1_169' title='bbox 196 2228 308 2310; x_wconf 87' lang='lat' dir='ltr'>fuisse,</span> <span class='ocrx_word' id='word_1_170' title='bbox 334 2228 414 2293; x_wconf 84' lang='lat' dir='ltr'>vitia</span> <span class='ocrx_word' id='word_1_171' title='bbox 437 2229 489 2292; x_wconf 86' lang='lat' dir='ltr'>vel</span> <span class='ocrx_word' id='word_1_172' title='bbox 511 2228 660 2292; x_wconf 86' lang='lat' dir='ltr'>fortunae</span> <span class='ocrx_word' id='word_1_173' title='bbox 683 2229 733 2292; x_wconf 88' lang='lat' dir='ltr'>vel</span> <span class='ocrx_word' id='word_1_174' title='bbox 758 2229 883 2294; x_wconf 90' lang='grc'><strong>0010110.</strong></span> <span class='ocrx_word' id='word_1_175' title='bbox 928 2229 989 2294; x_wconf 88' lang='lat' dir='ltr'>Vis</span> <span class='ocrx_word' id='word_1_176' title='bbox 1013 2231 1121 2298; x_wconf 88' lang='lat' dir='ltr'>incre-</span> 
     </span>
     <span class='ocr_line' id='line_1_25' title="bbox 105 2315 1120 2405; baseline 0.006 -26"><span class='ocrx_word' id='word_1_177' title='bbox 105 2316 214 2380; x_wconf 93' lang='lat' dir='ltr'>dibilis</span> <span class='ocrx_word' id='word_1_178' title='bbox 248 2315 360 2399; x_wconf 89' lang='lat' dir='ltr'>animi,</span> <span class='ocrx_word' id='word_1_179' title='bbox 396 2316 517 2379; x_wconf 86' lang='lat' dir='ltr'>laboris</span> <span class='ocrx_word' id='word_1_180' title='bbox 549 2315 708 2398; x_wconf 86' lang='lat' dir='ltr'>patientia</span> <span class='ocrx_word' id='word_1_181' title='bbox 739 2317 973 2399; x_wconf 89' lang='lat' dir='ltr'>propemodum</span> <span class='ocrx_word' id='word_1_182' title='bbox 1002 2320 1120 2405; x_wconf 89' lang='lat' dir='ltr'>nimia,</span> 
     </span>
     <span class='ocr_line' id='line_1_26' title="bbox 103 2403 1121 2487; baseline 0.006 -19"><span class='ocrx_word' id='word_1_183' title='bbox 103 2404 261 2469; x_wconf 87' lang='lat' dir='ltr'>fortitudo</span> <span class='ocrx_word' id='word_1_184' title='bbox 293 2425 358 2468; x_wconf 93' lang='lat' dir='ltr'>non</span> <span class='ocrx_word' id='word_1_185' title='bbox 384 2403 468 2467; x_wconf 88' lang='lat' dir='ltr'>inter</span> <span class='ocrx_word' id='word_1_186' title='bbox 494 2424 587 2487; x_wconf 85' lang='lat' dir='ltr'>reges</span> <span class='ocrx_word' id='word_1_187' title='bbox 615 2403 710 2469; x_wconf 91' lang='lat' dir='ltr'>modo</span> <span class='ocrx_word' id='word_1_188' title='bbox 738 2406 910 2483; x_wconf 87' lang='lat' dir='ltr'>excellens,</span> <span class='ocrx_word' id='word_1_189' title='bbox 943 2405 1001 2469; x_wconf 89' lang='lat' dir='ltr'>sed</span> <span class='ocrx_word' id='word_1_190' title='bbox 1028 2407 1121 2473; x_wconf 90' lang='lat' dir='ltr'>inter</span> 
     </span>
     <span class='ocr_line' id='line_1_27' title="bbox 51 2491 1120 2577; baseline 0.009 -25"><span class='ocrx_word' id='word_1_191' title='bbox 51 2493 179 2558; x_wconf 85' lang='grc'><strong>1811100</strong></span> <span class='ocrx_word' id='word_1_192' title='bbox 201 2514 338 2577; x_wconf 91' lang='lat' dir='ltr'>quoque,</span> <span class='ocrx_word' id='word_1_193' title='bbox 364 2514 499 2575; x_wconf 90' lang='lat' dir='ltr'>quorum</span> <span class='ocrx_word' id='word_1_194' title='bbox 517 2492 598 2555; x_wconf 90' lang='lat' dir='ltr'>haec</span> <span class='ocrx_word' id='word_1_195' title='bbox 616 2491 686 2555; x_wconf 87' lang='lat' dir='ltr'>sola</span> <span class='ocrx_word' id='word_1_196' title='bbox 705 2491 808 2556; x_wconf 85' lang='lat' dir='ltr'>virtus</span> <span class='ocrx_word' id='word_1_197' title='bbox 834 2493 911 2576; x_wconf 86' lang='lat' dir='ltr'>fuit,</span> <span class='ocrx_word' id='word_1_198' title='bbox 933 2493 1120 2562; x_wconf 83' lang='lat' dir='ltr'>liberalitas</span> 
     </span>
     <span class='ocr_line' id='line_1_28' title="bbox 105 2579 1118 2664; baseline 0.003 -19"><span class='ocrx_word' id='word_1_199' title='bbox 105 2602 201 2664; x_wconf 92' lang='lat' dir='ltr'>saepe</span> <span class='ocrx_word' id='word_1_200' title='bbox 233 2582 357 2645; x_wconf 77' lang='lat' dir='ltr'>maiora</span> <span class='ocrx_word' id='word_1_201' title='bbox 386 2580 572 2661; x_wconf 91' lang='lat' dir='ltr'>tribuentis,</span> <span class='ocrx_word' id='word_1_202' title='bbox 606 2601 703 2663; x_wconf 89' lang='lat' dir='ltr'>quam</span> <span class='ocrx_word' id='word_1_203' title='bbox 731 2579 822 2644; x_wconf 86' lang='lat' dir='ltr'>adis</span> <span class='ocrx_word' id='word_1_204' title='bbox 851 2584 1019 2664; x_wconf 86' lang='lat' dir='ltr'>petuntur,</span> <span class='ocrx_word' id='word_1_205' title='bbox 1054 2585 1118 2649; x_wconf 93' lang='lat' dir='ltr'>cle-</span> 
     </span>
     <span class='ocr_line' id='line_1_29' title="bbox 105 2667 1121 2752; baseline 0.004 -19"><span class='ocrx_word' id='word_1_206' title='bbox 105 2669 226 2733; x_wconf 89' lang='lat' dir='ltr'>mentia</span> <span class='ocrx_word' id='word_1_207' title='bbox 244 2670 278 2733; x_wconf 93' lang='lat' dir='ltr'>in</span> <span class='ocrx_word' id='word_1_208' title='bbox 298 2669 440 2733; x_wconf 88' lang='lat' dir='ltr'>devictos</span> <span class='ocrx_word' id='word_1_209' title='bbox 459 2704 501 2714; x_wconf 92' lang='lat'>-</span> <span class='ocrx_word' id='word_1_210' title='bbox 519 2671 571 2732; x_wconf 91' lang='lat' dir='ltr'>tot</span> <span class='ocrx_word' id='word_1_211' title='bbox 588 2689 688 2752; x_wconf 88' lang='lat' dir='ltr'>regna</span> <span class='ocrx_word' id='word_1_212' title='bbox 709 2671 766 2731; x_wconf 86' lang='lat' dir='ltr'>aut</span> <span class='ocrx_word' id='word_1_213' title='bbox 783 2667 916 2752; x_wconf 87' lang='lat' dir='ltr'>reddita,</span> <span class='ocrx_word' id='word_1_214' title='bbox 939 2670 1057 2752; x_wconf 87' lang='lat' dir='ltr'>quibus</span> <span class='ocrx_word' id='word_1_215' title='bbox 1078 2695 1121 2737; x_wconf 88' lang='grc'>00</span> 
     </span>
     <span class='ocr_line' id='line_1_30' title="bbox 51 2755 1118 2839; baseline 0.008 -23"><span class='ocrx_word' id='word_1_216' title='bbox 51 2769 84 2816; x_wconf 84' lang='grc'>19</span> <span class='ocrx_word' id='word_1_217' title='bbox 104 2757 287 2839; x_wconf 88' lang='lat' dir='ltr'>dempserat</span> <span class='ocrx_word' id='word_1_218' title='bbox 304 2756 400 2839; x_wconf 86' lang='lat' dir='ltr'>bello,</span> <span class='ocrx_word' id='word_1_219' title='bbox 423 2759 480 2820; x_wconf 88' lang='lat' dir='ltr'>aut</span> <span class='ocrx_word' id='word_1_220' title='bbox 497 2756 581 2820; x_wconf 93' lang='lat' dir='ltr'>dono</span> <span class='ocrx_word' id='word_1_221' title='bbox 600 2755 677 2819; x_wconf 87' lang='grc'><strong>11010</strong></span> <span class='ocrx_word' id='word_1_222' title='bbox 691 2779 748 2819; x_wconf 89' lang='lat'>-:</span> <span class='ocrx_word' id='word_1_223' title='bbox 762 2756 886 2837; x_wconf 89' lang='lat' dir='ltr'>mortis,</span> <span class='ocrx_word' id='word_1_224' title='bbox 904 2757 993 2821; x_wconf 89' lang='lat' dir='ltr'>cuius</span> <span class='ocrx_word' id='word_1_225' title='bbox 1008 2763 1118 2825; x_wconf 89' lang='lat' dir='ltr'>metus</span> 
     </span>
     <span class='ocr_line' id='line_1_31' title="bbox 104 2843 1117 2928; baseline 0.003 -20"><span class='ocrx_word' id='word_1_226' title='bbox 104 2848 227 2908; x_wconf 86' lang='lat' dir='ltr'>eeteros</span> <span class='ocrx_word' id='word_1_227' title='bbox 247 2844 422 2926; x_wconf 88' lang='lat' dir='ltr'>exanimat,</span> <span class='ocrx_word' id='word_1_228' title='bbox 445 2847 602 2928; x_wconf 87' lang='lat' dir='ltr'>perpetue</span> <span class='ocrx_word' id='word_1_229' title='bbox 621 2844 830 2926; x_wconf 88' lang='lat' dir='ltr'>contemptio,</span> <span class='ocrx_word' id='word_1_230' title='bbox 851 2843 973 2927; x_wconf 87' lang='lat' dir='ltr'>gloriae</span> <span class='ocrx_word' id='word_1_231' title='bbox 992 2845 1117 2912; x_wconf 89' lang='lat' dir='ltr'>laudis-</span> 
     </span>
     <span class='ocr_line' id='line_1_32' title="bbox 105 2931 1117 3017; baseline 0.005 -22"><span class='ocrx_word' id='word_1_232' title='bbox 105 2954 166 3017; x_wconf 92' lang='lat' dir='ltr'>que</span> <span class='ocrx_word' id='word_1_233' title='bbox 189 2935 226 2996; x_wconf 91' lang='lat' dir='ltr'>ut</span> <span class='ocrx_word' id='word_1_234' title='bbox 248 2932 333 2996; x_wconf 90' lang='lat' dir='ltr'>iusto</span> <span class='ocrx_word' id='word_1_235' title='bbox 357 2932 460 2996; x_wconf 90' lang='lat' dir='ltr'>maior</span> <span class='ocrx_word' id='word_1_236' title='bbox 484 2931 614 3015; x_wconf 91' lang='lat' dir='ltr'>cupido,</span> <span class='ocrx_word' id='word_1_237' title='bbox 641 2932 688 2994; x_wconf 90' lang='lat' dir='ltr'>ita</span> <span class='ocrx_word' id='word_1_238' title='bbox 710 2931 744 2994; x_wconf 93' lang='lat' dir='ltr'>in</span> <span class='ocrx_word' id='word_1_239' title='bbox 766 2931 881 2995; x_wconf 86' lang='lat' dir='ltr'>iuvene</span> <span class='ocrx_word' id='word_1_240' title='bbox 900 2935 933 2995; x_wconf 92' lang='lat' dir='ltr'>et</span> <span class='ocrx_word' id='word_1_241' title='bbox 954 2932 988 2996; x_wconf 93' lang='lat' dir='ltr'>in</span> <span class='ocrx_word' id='word_1_242' title='bbox 1011 2935 1117 3000; x_wconf 91' lang='lat' dir='ltr'>tantis</span> 
     </span>
     <span class='ocr_line' id='line_1_33' title="bbox 52 3020 1117 3105; baseline 0.008 -25"><span class='ocrx_word' id='word_1_243' title='bbox 52 3032 163 3084; x_wconf 80' lang='grc'><strong>301100</strong></span> <span class='ocrx_word' id='word_1_244' title='bbox 186 3020 372 3084; x_wconf 86' lang='lat' dir='ltr'>admiranda</span> <span class='ocrx_word' id='word_1_245' title='bbox 395 3021 504 3084; x_wconf 91' lang='lat' dir='ltr'>rebus:</span> <span class='ocrx_word' id='word_1_246' title='bbox 535 3020 600 3083; x_wconf 92' lang='lat' dir='ltr'>iam</span> <span class='ocrx_word' id='word_1_247' title='bbox 623 3020 728 3102; x_wconf 89' lang='lat' dir='ltr'>pietas</span> <span class='ocrx_word' id='word_1_248' title='bbox 752 3039 828 3103; x_wconf 90' lang='lat' dir='ltr'>erga</span> <span class='ocrx_word' id='word_1_249' title='bbox 850 3023 1015 3104; x_wconf 89' lang='lat' dir='ltr'>parentes,</span> <span class='ocrx_word' id='word_1_250' title='bbox 1037 3043 1117 3105; x_wconf 91' lang='lat' dir='ltr'>quo·</span> 
     </span>
     <span class='ocr_line' id='line_1_34' title="bbox 103 3107 1116 3192; baseline 0.002 -19"><span class='ocrx_word' id='word_1_251' title='bbox 103 3132 175 3173; x_wconf 92' lang='lat' dir='ltr'>rum</span> <span class='ocrx_word' id='word_1_252' title='bbox 208 3107 400 3192; x_wconf 85' lang='lat' dir='ltr'>Olympiada</span> <span class='ocrx_word' id='word_1_253' title='bbox 433 3107 672 3172; x_wconf 87' lang='lat' dir='ltr'>immortalitati</span> <span class='ocrx_word' id='word_1_254' title='bbox 705 3127 890 3172; x_wconf 88' lang='lat' dir='ltr'>consecrare</span> <span class='ocrx_word' id='word_1_255' title='bbox 918 3107 1116 3190; x_wconf 83' lang='lat' dir='ltr'>decreverat,</span> 
     </span>
     <span class='ocr_line' id='line_1_35' title="bbox 51 3195 1116 3280; baseline 0.008 -25"><span class='ocrx_word' id='word_1_256' title='bbox 51 3208 84 3256; x_wconf 88' lang='lat'>31</span> <span class='ocrx_word' id='word_1_257' title='bbox 103 3195 291 3280; x_wconf 90' lang='lat' dir='ltr'>Philippum</span> <span class='ocrx_word' id='word_1_258' title='bbox 327 3197 414 3260; x_wconf 93' lang='lat' dir='ltr'>ultus</span> <span class='ocrx_word' id='word_1_259' title='bbox 454 3200 536 3279; x_wconf 86' lang='lat' dir='ltr'>erat,</span> <span class='ocrx_word' id='word_1_260' title='bbox 571 3196 637 3259; x_wconf 93' lang='lat' dir='ltr'>iam</span> <span class='ocrx_word' id='word_1_261' title='bbox 673 3195 707 3259; x_wconf 94' lang='lat' dir='ltr'>in</span> <span class='ocrx_word' id='word_1_262' title='bbox 744 3217 854 3259; x_wconf 92' lang='lat' dir='ltr'>omnes</span> <span class='ocrx_word' id='word_1_263' title='bbox 891 3196 958 3266; x_wconf 80' lang='lat' dir='ltr'>lere</span> <span class='ocrx_word' id='word_1_264' title='bbox 991 3197 1116 3263; x_wconf 86' lang='lat' dir='ltr'>amicos</span> 
     </span>
     <span class='ocr_line' id='line_1_36' title="bbox 103 3283 1117 3370; baseline 0 -20"><span class='ocrx_word' id='word_1_265' title='bbox 103 3286 303 3370; x_wconf 85' lang='lat' dir='ltr'>benignitas,</span> <span class='ocrx_word' id='word_1_266' title='bbox 336 3305 413 3369; x_wconf 86' lang='lat' dir='ltr'>erga</span> <span class='ocrx_word' id='word_1_267' title='bbox 444 3284 565 3348; x_wconf 92' lang='lat' dir='ltr'>milites</span> <span class='ocrx_word' id='word_1_268' title='bbox 595 3283 826 3367; x_wconf 90' lang='lat' dir='ltr'>benivolentia,</span> <span class='ocrx_word' id='word_1_269' title='bbox 858 3283 1027 3347; x_wconf 88' lang='lat' dir='ltr'>consilium</span> <span class='ocrx_word' id='word_1_270' title='bbox 1054 3307 1117 3368; x_wconf 90' lang='lat' dir='ltr'>par</span> 
     </span>
     <span class='ocr_line' id='line_1_37' title="bbox 104 3371 1115 3460; baseline 0 -22"><span class='ocrx_word' id='word_1_271' title='bbox 104 3373 321 3460; x_wconf 87' lang='lat' dir='ltr'>magnitudini</span> <span class='ocrx_word' id='word_1_272' title='bbox 345 3373 444 3437; x_wconf 91' lang='lat' dir='ltr'>animi</span> <span class='ocrx_word' id='word_1_273' title='bbox 466 3377 512 3455; x_wconf 88' lang='lat' dir='ltr'>et,</span> <span class='ocrx_word' id='word_1_274' title='bbox 536 3375 690 3456; x_wconf 84' lang='lat' dir='ltr'>quantam</span> <span class='ocrx_word' id='word_1_275' title='bbox 712 3371 765 3434; x_wconf 82' lang='lat' dir='ltr'>vix</span> <span class='ocrx_word' id='word_1_276' title='bbox 784 3373 913 3453; x_wconf 85' lang='lat' dir='ltr'>poterat</span> <span class='ocrx_word' id='word_1_277' title='bbox 935 3374 1025 3435; x_wconf 88' lang='lat' dir='ltr'>aetas</span> <span class='ocrx_word' id='word_1_278' title='bbox 1044 3373 1115 3438; x_wconf 90' lang='lat' dir='ltr'>eius</span> 
     </span>
     <span class='ocr_line' id='line_1_38' title="bbox 51 3458 1115 3547; baseline -0.002 -20"><span class='ocrx_word' id='word_1_279' title='bbox 51 3473 230 3547; x_wconf 74' lang='grc'><strong>31000010,</strong></span> <span class='ocrx_word' id='word_1_280' title='bbox 263 3463 422 3527; x_wconf 89' lang='lat' dir='ltr'>sollertia:</span> <span class='ocrx_word' id='word_1_281' title='bbox 451 3462 516 3525; x_wconf 84' lang='grc'><strong>1001</strong></span> <span class='ocrx_word' id='word_1_282' title='bbox 544 3460 656 3524; x_wconf 90' lang='lat' dir='ltr'>modus</span> <span class='ocrx_word' id='word_1_283' title='bbox 685 3458 928 3523; x_wconf 86' lang='lat' dir='ltr'>immodicarum</span> <span class='ocrx_word' id='word_1_284' title='bbox 956 3459 1115 3542; x_wconf 85' lang='lat' dir='ltr'>cupidita·</span> 
     </span>
     <span class='ocr_line' id='line_1_39' title="bbox 103 3545 1117 3636; baseline -0.001 -21"><span class='ocrx_word' id='word_1_285' title='bbox 103 3555 182 3636; x_wconf 89' lang='lat' dir='ltr'>tum,</span> <span class='ocrx_word' id='word_1_286' title='bbox 204 3551 339 3616; x_wconf 90' lang='lat' dir='ltr'>Veneris</span> <span class='ocrx_word' id='word_1_287' title='bbox 368 3551 453 3614; x_wconf 89' lang='lat' dir='ltr'>intra</span> <span class='ocrx_word' id='word_1_288' title='bbox 474 3548 622 3613; x_wconf 88' lang='lat' dir='ltr'>naturale</span> <span class='ocrx_word' id='word_1_289' title='bbox 646 3545 837 3611; x_wconf 90' lang='lat' dir='ltr'>desiderium</span> <span class='ocrx_word' id='word_1_290' title='bbox 860 3567 937 3610; x_wconf 88' lang='lat' dir='ltr'>usus</span> <span class='ocrx_word' id='word_1_291' title='bbox 961 3568 1022 3612; x_wconf 89' lang='lat' dir='ltr'>nec</span> <span class='ocrx_word' id='word_1_292' title='bbox 1044 3549 1117 3614; x_wconf 84' lang='lat' dir='ltr'>ulla</span> 
     </span>
     <span class='ocr_line' id='line_1_40' title="bbox 1209 3692 1222 3728; baseline 0 0"><span class='ocrx_word' id='word_1_293' title='bbox 1209 3692 1222 3728; x_wconf 98' lang='grc' dir='ltr'>Ι1</span> 
     </span>
    </p>
   </div>
   <div class='ocr_carea' id='block_1_3' title="bbox 1204 3743 1222 3806">
    <p class='ocr_par' dir='ltr' id='par_1_3' title="bbox 1204 3743 1222 3806">
     <span class='ocr_line' id='line_1_41' title="bbox 1204 3743 1222 3806; baseline 0 0"><span class='ocrx_word' id='word_1_294' title='bbox 1204 3743 1222 3806; x_wconf 79' lang='grc'>1</span> 
     </span>
    </p>
   </div>
   <div class='ocr_carea' id='block_1_4' title="bbox 0 0 1226 3908">
    <p class='ocr_par' dir='ltr' id='par_1_4' title="bbox 0 0 1226 3908">
     <span class='ocr_line' id='line_1_42' title="bbox 0 0 1226 3908; baseline 0 1"><span class='ocrx_word' id='word_1_295' title='bbox 0 0 1226 3908; x_wconf 95' lang='lat' dir='ltr'> </span> 
     </span>
    </p>
   </div>
  </div>
 </body>
</html>
