2444 3908
428 783 739 853 PRAEFATIO.

151 1030 268 1085 Omnem
280 1029 462 1083 historiarum
472 1028 501 1093 Q.
514 1026 592 1082 Curti
605 1028 668 1081 Rufi
682 1026 905 1082 emendationem
918 1024 973 1081 niti
982 1026 1095 1081 debere-

80 1100 235 1168 quinque
250 1101 385 1155 librorum
398 1097 625 1168 interpolationis
637 1098 702 1152 labe
715 1114 773 1153 non
785 1097 995 1166 inquinatorum
1008 1098 1084 1167 (Ber-

79 1169 174 1225 nensis
187 1172 225 1237 A,
243 1169 399 1225 Florentini
412 1169 449 1236 A,
467 1168 624 1234 Leidensis,
643 1167 786 1236 Vossiani,
804 1167 925 1222 Parisini
937 1167 974 1237 A)
986 1167 1084 1222 lectio·

79 1240 162 1294 nibus
181 1258 245 1295 cum
263 1241 382 1295 aliorum
399 1242 460 1294 tum
477 1239 508 1293 Ε.
523 1237 685 1293 Hedickii
703 1238 940 1308 disputationibus
959 1239 1029 1292 adeo
1049 1239 1085 1293 ad

80 1310 219 1377 liquidum
236 1313 402 1380 perductum
421 1311 475 1376 est,
495 1311 527 1363 ut
541 1327 574 1364 ea
588 1309 622 1364 de
635 1325 666 1364 re
679 1309 758 1362 nulla
772 1308 858 1362 fuerit
870 1308 944 1363 inter
957 1308 1084 1362 homines

37 1382 50 1407 ⁶
80 1381 191 1449 doctos,
217 1381 265 1448 qui
286 1379 421 1450 proximis
445 1381 542 1434 decem
564 1379 644 1432 annis
667 1377 697 1432 in
723 1379 778 1434 hoc
801 1378 956 1433 studiorum
983 1394 1085 1460 genere

80 1450 310 1518 elaboraverunt,
339 1450 537 1505 controversia.
578 1450 719 1503 Idunum
742 1448 901 1503 etiamnunc
924 1448 1084 1519 ambigitur,

83 1520 157 1574 sitne
175 1522 224 1575 uni
243 1538 278 1574 ex
295 1521 341 1575 his
353 1521 448 1587 libris,
466 1519 594 1574 Parisino
607 1519 644 1588 A,
664 1519 722 1574 fere
736 1520 834 1574 eadem
848 1525 888 1573 arr·
897 1519 983 1589 paulo
996 1518 1087 1573 maior

80 1591 231 1644 tribuenda
250 1607 334 1658 quam
357 1590 457 1645 ceteris
476 1590 637 1644 auctoritas.
673 1589 764 1643 Multa
781 1589 936 1659 singularia
955 1588 1086 1644 exhibere

80 1660 162 1713 illum
181 1660 318 1726 codicem,
343 1660 391 1728 qui
410 1678 427 1714 a
445 1661 573 1730 Zumptio
593 1660 661 1714 olim
678 1659 818 1714 immerito
835 1660 981 1728 neglectus
998 1677 1087 1729 nuper

45 1777 53 1791 ,
82 1730 194 1783 demum
216 1729 348 1783 Hedickii
371 1730 521 1798 diligentia
546 1729 637 1784 doctis
658 1730 819 1784 hominibus
845 1729 980 1797 innotuit,
1003 1747 1085 1784 nemo

81 1800 176 1867 negat.
204 1800 264 1851 Iam
282 1816 345 1852 cum
362 1799 588 1866 interpolationis
607 1798 729 1867 suspicio
747 1799 778 1852 in
795 1801 869 1853 hunc
886 1798 975 1853 multo
993 1799 1086 1853 minus

81 1870 182 1923 cadere
196 1868 287 1937 possit
300 1885 385 1936 quam
398 1869 429 1921 in
442 1867 564 1936 reliquos
579 1899 612 1910 —
628 1871 671 1923 est
684 1867 759 1922 enim
771 1867 953 1923 vitiosissime
966 1869 1087 1937 scriptus

81 1939 117 1993 ab
137 1939 249 1993 homine
266 1939 352 2008 plane
369 1938 523 2005 inerudito,
548 1956 610 1992 cum
627 1937 672 1991 illi
688 1939 778 1991 multo
797 1937 961 2007 diligentius
979 1939 1087 1993 exarati

85 2009 143 2063 sint
161 2040 195 2051 -
214 2009 307 2064 faeere
324 2025 382 2063 non
415 2026 520 2075 ossum,
539 2008 607 2076 quin
622 2008 781 2063 etiamnunc
795 2025 858 2061 cum
870 2008 902 2062 Α.
917 2007 1086 2063 Eussnero

83 2083 168 2148 (spec.
188 2080 276 2134 critic.
297 2085 379 2145 18683
394 2027 498 2132 {huot
518 2078 638 2134 XXVlII.
659 2086 688 2145 33
707 2078 816 2132 XXXII.
837 2086 867 2142 13
886 2078 970 2132 index
987 2077 1086 2148 philol.

83 2153 163 2219 1870)
178 2150 317 2219 profitear,
332 2151 443 2218 praeter·
456 2151 563 2204 ceteros
576 2148 657 2203 illum
670 2148 760 2202 sideri
773 2150 827 2202 lide
843 2147 965 2217 dignum.
989 2149 1087 2217 Neque

81 2221 190 2287 tamen,
214 2222 247 2274 ut
269 2219 361 2273 dicam
384 2220 459 2287 quod
478 2220 581 2286 sentio,
604 2221 715 2273 tantum
733 2222 870 2286 quantum
886 2218 1006 2273 forsitan
1024 2219 1088 2287 quis

83 2288 212 2358 opinetur
239 2289 336 2356 refert,
369 2289 426 2342 utri
456 2289 611 2343 sententiae
641 2288 733 2343 editor
761 2288 846 2342 suffra
866 2291 935 2343 etur.
976 2289 1088 2344 Etenim

83 2377 147 2415 cum
165 2359 333 2414 foedissimis
348 2359 449 2413 calami
468 2358 606 2413 erroribus
624 2358 786 2427 inquinatus
801 2359 839 2412 sit
874 2358 993 2412 arisinus
1006 2359 1087 2427 liber,

82 2428 218 2498 quamdiu
236 2429 286 2483 ille
304 2429 334 2482 in
353 2447 403 2483 suo
421 2445 523 2498 genere
544 2432 657 2497 praeter
677 2429 800 2482 minutas
819 2428 945 2482 eiusdem
962 2428 1088 2484 familiae

70 2499 218 2566 reliquias
240 2499 339 2552 unicus
359 2498 424 2565 erit,
447 2498 469 2551 ii
488 2497 537 2566 qui
560 2498 675 2551 criticen
692 2498 723 2577 in
741 2497 772 2561 Q.
793 2496 895 2578 {turtio
907 2500 1036 2552 exercent
1054 2515 1089 2553 ea

81 2567 1089 2717 littariipiigiifflnaiidiiiit,uiuiitlhioiifflitrdiiiii

82 2710 150 2762 dum
173 2708 223 2775 sit,
253 2708 405 2776 dilrgentsr·
428 2711 563 2773 cauteque
590 2707 753 2776 ponderent.
797 2707 855 2760 Usu
876 2723 936 2763 rem
959 2712 1088 2777 expertus

81 2778 205 2832 libenter
218 2780 315 2844 testor,
334 2778 371 2830 ad
386 2777 475 2831 Curtii
489 2776 700 2846 grammaticam
714 2774 927 2844 aliquantulum,
946 2779 984 2831 ad
997 2795 1089 2835 emen·

82 2849 207 2902 dandam
226 2847 286 2901 eius
305 2847 460 2901 orationem
479 2846 734 2914 enucleandumque
749 2864 860 2901 sensum
872 2847 949 2901 haud
963 2847 1005 2905 ita
1017 2848 1106 2909 mulas
1135 2854 1139 2861 '

81 2921 143 2972 tum
156 2917 300 2982 interesse,
310 2917 340 2969 in
349 2920 441 2970 utram
450 2920 559 2985 partem
571 2915 758 2984 inclinaveris,
768 2916 872 2987 quippe
882 2933 945 2973 cum
953 2918 1055 2993 pleraq

83 2987 215 3058 graviora
227 2988 428 3054 mandasseque
442 3003 475 3041 ac
488 2987 606 3040 lacunae
620 2985 743 3040 omnium
756 2985 814 3041 fers
827 2986 952 3057 quinque

81 3058 140 3112 sint
164 3057 329 3111 communia.
369 3057 491 3110 Tantum
517 3059 613 3110 tamen
634 3054 762 3110 Parisino
790 3057 915 3113 dandum
940 3064 1023 3117 Μ’

80 3129 255 3182 Eussnero
284 3143 397 3194 censeo,
429 3129 473 3194 ut,
505 3125 664 3193 ubicunque
695 3125 754 3181 eius
784 3125 922 3191 lectiones
998 3132 1001 3137 '

82 3197 227 3265 scriptoris
249 3215 302 3251 usu
324 3213 415 3264 neque
438 3213 455 3250 a
474 3213 556 3250 sensu
575 3195 679 3249 iustam
696 3196 940 3266 reprehensionem
955 3198 994 3255 ha

80 3266 160 3320 illius
185 3268 353 3322 auctoritate
377 3269 472 3321 stetur.
515 3266 605 3330 Quam
632 3265 724 3334 legem
749 3283 782 3321 eo
808 3266 992 3323 confidentius

81 3336 175 3402 sanxi,
199 3354 262 3391 cum
279 3337 318 3404 is,
337 3337 385 3404 qui
403 3336 483 3389 illum
502 3335 626 3389 codicem
644 3336 802 3391 accuratius
820 3352 905 3405 quam
922 3338 970 3393 alii
993 3370 996 3377 ·
1041 3356 1085 3381 ocr-

80 3409 272 3477 perscrutatus
291 3407 341 3474 sit,
359 3407 389 3460 E.
404 3405 608 3472 Hedickius,
627 3404 719 3460 simile
737 3405 947 3477 quiddamipss
962 3414 983 3459 κ’

80 3480 191 3533 docere.
236 3475 314 3532 Dicit
340 3476 415 3531 enim
443 3476 488 3546 (de
517 3475 598 3530 codd.
622 3473 701 3531 Cart.
727 3475 787 3531 tue
808 3478 902 3545 atque
922 3492 986 3531 aus·

862 3560 904 3619 ᾖ
