2444 3908
179 172 185 183 ·
311 218 563 276 nrsroarueon
581 218 797 275 surranum
814 218 865 290 ΠΙ,
883 225 908 275 8.
1098 216 1116 282 'i

111 366 209 449 vallo,
237 387 318 449 quos
344 368 499 449 cognatos
526 365 612 449 regis
639 362 813 447 appellant,
840 362 948 428 decem
971 365 1004 427 et
1027 362 1117 446 quin·

111 475 173 537 que
205 454 294 516 milia
323 452 500 516 hominum,
549 450 638 516 Haec
668 472 744 516 vero
776 450 884 535 turba,
920 449 1118 516 muliebriter

111 541 342 624 propemodum
374 541 473 623 culta,
504 539 581 603 luxu
612 539 715 623 magis
742 559 839 622 quarn
871 538 992 604 decoris
1019 539 1117 604 ermis

47 623 52 630 ’
99 629 285 722 ⁸conspicua
307 631 383 693 erat
416 626 625 711 Doryphoroe
647 624 843 692 vocabantur
865 626 1044 710 proximum
1066 625 1117 691 his
1138 643 1171 695 15

86 739 94 756 ·
112 737 239 800 agmen,
257 716 343 780 soliti
360 719 483 780 vestem
502 715 645 798 excipere
664 714 817 798 regalem:
840 712 874 777 hi
893 734 1019 778 currum
1033 714 1117 799 regis

113 804 293 886 anteibant,
329 824 393 888 quo
429 805 496 887 ipse
529 803 671 866 eminens
703 800 887 866 vehebatur.
940 800 1117 885 Utrumque
1138 820 1170 870 ro

113 912 223 956 currus
246 892 330 956 latus
353 891 485 957 deorum
507 889 678 955 simulacre
696 910 734 953 ex
753 910 830 953 euro
850 891 1046 974 argentoque
1067 910 1118 953 ex·

111 1000 224 1062 pressa
246 978 455 1044 decorabantr
478 976 720 1061 distinguebant
736 976 959 1041 internitentes
974 996 1118 1061 gemmea

112 1068 237 1151 iugum,
264 1088 302 1131 ex
330 1089 392 1150 quo
420 1066 603 1130 eminebant
629 1066 692 1129 duo
716 1086 812 1129 auree
839 1064 1010 1129 simulacre
1032 1062 1118 1129 cubi·

112 1155 203 1238 talia,
226 1176 362 1238 quorum
384 1155 519 1217 alterum
542 1152 629 1237 Nini,
652 1153 787 1216 alterum
811 1155 880 1217 eret
902 1150 981 1216 Beli.
1031 1152 1119 1216 Inter

114 1241 192 1304 haec
215 1242 354 1324 aquilam
378 1262 506 1305 auream
526 1241 641 1324 pinnas
658 1237 843 1304 extendenti
861 1240 997 1304 similem
1016 1260 1119 1304 sacra·

70 1329 99 1402 ,8
113 1332 232 1392 verant.
277 1326 390 1394 Oultus
418 1329 504 1413 regis
532 1329 616 1392 inter
645 1327 753 1392 omnia
779 1328 904 1392 luxuria
930 1328 1118 1391 notabatur:
1140 1342 1171 1394 rr

113 1437 290 1500 purpureae
308 1418 435 1498 tunicae
453 1416 592 1481 medium
607 1415 716 1480 album
729 1417 886 1479 intextum
901 1418 977 1498 eret,
1000 1416 1119 1498 pellam

113 1525 190 1568 auro
214 1504 397 1570 distinctam
422 1505 508 1569 aurei
531 1504 712 1588 accipitres,
735 1504 822 1568 velut
844 1502 956 1568 rostris
978 1502 1062 1567 inter
1085 1523 1119 1567 se

84 1611 86 1616 ·
112 1595 348 1675 concurrerent,
385 1591 587 1657 adornabant
620 1594 653 1655 et
684 1612 765 1678 zona
796 1611 892 1655 aurea
923 1589 1120 1655 muliebriter
1140 1608 1173 1659 rs

113 1679 235 1742 cinctus
258 1680 419 1743 acinacem
447 1681 669 1764 suspenderat,
699 1679 749 1743 cui
778 1700 817 1743 ex
846 1698 973 1763 gemme
1002 1679 1120 1762 ragina

113 1767 191 1827 erat.
227 1763 366 1829 Cidarim
379 1766 497 1829 Persae
519 1767 679 1831 vocabant
699 1766 823 1851 regium
842 1766 955 1851 cepitis
978 1767 1119 1852 insigne:
1141 1784 1172 1834 ra

112 1850 175 1916 hoo
197 1852 342 1915 caerulea
367 1851 468 1915 fascia
490 1853 563 1917 albo
582 1853 734 1917 distincta
752 1854 947 1918 circumibat.
984 1853 1120 1920 Currum
1139 1875 1173 1922 20

114 1939 224 2003 decem
252 1939 341 2002 milia
366 1938 567 2003 hastatorum
591 1939 818 2024 sequebantur:
854 1941 963 2005 hastas
987 1942 1120 2024 argento

113 2030 296 2109 exornatas,
333 2026 455 2110 spicula
487 2048 565 2091 auro
595 2026 736 2111 praefixa
767 2028 945 2112 gestabant.
999 2026 1121 2092 Dextra
1140 2047 1169 2096 ar

112 2113 267 2198 laevaque
281 2134 391 2199 regem
405 2114 533 2180 ducenti
546 2114 645 2179 ferme
660 2114 853 2179 nobilissimi
868 2114 1120 2200 propinquorum

113 2202 356 2266 comitabantur.
393 2200 519 2266 Horum
542 2223 657 2288 agmen
680 2202 886 2267 claudebatur
907 2202 1043 2288 triginta
1064 2204 1121 2269 mi·

114 2289 194 2354 lebias
210 2290 363 2374 peditum,
386 2312 466 2374 quos
480 2290 554 2374 equi
568 2292 652 2376 regis
668 2306 752 2357 coeo
766 2291 989 2376 sequebantur.
1018 2290 1120 2355 Inter-
1140 2311 1173 2359 aa

115 2377 199 2440 vallo
230 2376 343 2442 deinde
374 2379 470 2442 nnius
503 2378 597 2442 stadii
623 2382 759 2443 matrem
788 2376 886 2443 Darei
914 2374 1121 2463 Sisigambim

113 2485 224 2528 currus
251 2466 390 2530 vehebat
416 2466 509 2529 etin
537 2466 600 2530 alio
629 2470 698 2530 erat
724 2465 848 2531 coniux.
897 2464 1006 2529 Turba
1031 2466 1120 2530 femi·

113 2573 229 2616 narum
258 2554 387 2637 reginas
415 2553 636 2617 comitantium
664 2553 755 2638 equis
783 2552 977 2617 vectabatur.
1023 2553 1120 2627 Quin·
1140 2573 1173 2622 ea

115 2640 217 2703 decim
240 2640 363 2724 deinde,
385 2662 465 2723 quas
489 2661 689 2704 armamaxas
706 2639 924 2723 appellebant,
946 2641 1120 2724 sequeban-

113 2730 175 2791 tur.
221 2726 260 2791 In
287 2727 339 2791 his
366 2732 457 2791 erant
483 2727 577 2792 liberi
599 2729 683 2813 regis
706 2732 739 2792 et
762 2749 843 2813 quae
866 2728 1045 2793 educebant
1067 2750 1121 2794 eos

115 2814 357 2899 spadonumque
375 2834 461 2899 grex,
482 2815 569 2881 haud
587 2837 663 2880 sane
681 2816 745 2880 illis
764 2816 913 2900 gentibus
931 2817 1014 2881 vilis.
1039 2816 1121 2880 Tum
1141 2836 1175 2884 24

115 2903 223 2985 regiae
245 2904 362 2985 pelices
384 2907 544 2968 trecentae
567 2907 599 2967 et
621 2905 788 2988 sexaginta
809 2906 941 2985 quiaque
963 2905 1121 2968 veheban-

114 2991 178 3072 tur,
201 2993 233 3052 et
254 2991 341 3072 ipsae
364 2990 466 3074 regali
488 2992 573 3055 cultu
598 2995 784 3074 ornatuque.
824 2991 904 3055 Post
926 3014 1004 3075 quas
1028 3014 1121 3074 pecu-

115 3077 204 3140 niam
231 3078 315 3162 regis
343 3079 485 3142 sexcenti
511 3079 590 3142 muli
614 3083 647 3142 et
668 3079 802 3144 trecenti
826 3082 938 3144 cameli
962 3080 1121 3144 vehebant

115 3165 275 3247 praesidio
315 3167 552 3250 sagittariorum
589 3172 809 3250 prosequente.
866 3166 1121 3252 Propinquorum
1142 3188 1176 3236 25

116 3255 353 3337 amicorumque
376 3255 528 3338 coniuges
549 3254 626 3318 huic
649 3257 768 3339 agmini
792 3256 955 3339 proximae
974 3258 1121 3319 lixarum-

117 3360 178 3422 que
200 3345 233 3405 et
254 3341 404 3407 calonum
427 3360 540 3426 greges
563 3343 767 3407 vehebantur.
804 3342 917 3406 Ultimi
940 3348 1033 3407 erant
1051 3366 1122 3408 cum

117 3428 183 3492 suis
206 3430 341 3512 quisque
363 3430 509 3513 ducibus,
537 3431 591 3512 qui
615 3435 765 3514 cogerent
788 3451 917 3514 agmen,
939 3432 1050 3494 leviter
1074 3453 1122 3494 ar-

118 3517 204 3579 mati.
237 3514 380 3581 ‚conus
410 3519 438 3582 si
469 3518 540 3602 quis
570 3518 670 3581 aciem
697 3517 908 3582 Macedonum
935 3518 1189 3593 intueretur&

117 3601 227 3685 dispar
251 3604 351 3669 facies
379 3608 448 3669 eret
474 3606 564 3690 equis
590 3605 736 3689 virisque
761 3627 836 3670 nou
861 3624 966 3682 auro,
988 3620 1070 3658 nun
1086 3598 1157 3652 oxa·
