2444 3908
306 150 560 207 HISTORIARUM
578 150 791 208 ALEXANDRI
808 153 870 224 VII,
890 161 914 210 6.
934 161 957 210 t.
1074 155 1137 220 171

130 295 216 358 ultra
234 293 354 358 Istrum
372 295 530 360 iacentem
549 294 639 359 colit:
664 295 783 360 ultima
800 295 913 380 Asiae,
936 319 1001 381 qua
1018 296 1137 363 Bactra

131 384 218 467 sunt,
246 382 387 465 stringit.
436 381 610 465 Habitant,
637 404 718 466 quae
745 384 960 468 septentrioni
986 386 1139 469 propiora

130 474 218 535 sunt:
240 470 418 554 profundae
441 471 513 535 inde
533 470 633 534 silvae
653 475 828 555 vastaeque
847 472 1036 538 solitudines
1056 475 1137 539 exci-

129 559 236 643 piunt:
268 579 379 623 rursus
412 580 493 642 quae
522 560 580 639 [et]
609 557 734 622 Tanain
766 562 799 624 et
830 558 951 624 Bactra
984 565 1138 644 spectant,

129 645 271 710 humano
298 647 387 711 cultu
414 645 500 710 haud
528 646 670 728 disparia
698 649 781 711 sunt.
825 647 953 712 Primus
976 670 1048 713 cum
1075 648 1173 719 hacc

130 737 225 818 gente
248 755 313 798 non
335 735 500 817 provisum
524 734 645 798 bellurn
667 732 850 800 Alexander
873 740 1037 819 gesturus,
1065 758 1137 800 cum

129 823 164 885 in
186 825 360 905 conspectu
383 823 451 886 eius
479 822 682 905 obequitaret
707 822 827 906 hostis,
855 823 957 887 adhue
980 843 1138 907 aegerex

129 910 273 993 vulnere,
302 911 473 994 praecipue
500 931 576 974 voce
607 910 770 994 deficiens,
804 933 900 994 quam
929 914 962 975 et
993 910 1137 975 modicus
1168 970 1170 974 .

131 997 221 1062 cibus
241 1002 274 1062 et
292 998 425 1062 cervicis
444 997 639 1061 extenuabat
657 998 758 1081 dolor,
776 998 897 1063 amicos
916 999 951 1062 in
969 999 1137 1063 consilium

130 1085 280 1150 advocari
297 1085 396 1150 iubet.
431 1083 587 1149 Terrebat
604 1106 677 1149 eum
694 1107 761 1150 non
777 1084 892 1168 hostis,
910 1085 965 1150 sed
983 1086 1137 1169 iniquitas
1156 1108 1172 1155 6

129 1174 294 1256 temporis.
329 1172 496 1238 Bactriani
515 1173 704 1257 defecerant,
725 1171 865 1258 Scythae
883 1175 984 1238 etiam
1002 1174 1138 1238 lacesse

130 1260 221 1324 bant:
244 1261 312 1344 ipse
335 1283 401 1326 non
422 1260 572 1325 insistere
594 1261 629 1324 in
651 1265 751 1344 terra,
772 1282 839 1326 non
857 1283 938 1345 equo
961 1261 1049 1344 vehi,
1071 1283 1137 1326 non

131 1348 256 1431 docere,
287 1370 353 1413 non
379 1348 503 1413 hortari
531 1370 606 1413 suos
633 1352 771 1432 poterat
819 1348 965 1433 Ancipiti
993 1348 1171 1433 periculos

129 1436 293 1519 inplicitus
317 1437 393 1502 deos
416 1458 543 1521 quoque
566 1437 716 1502 incusans
739 1437 946 1521 querebatur,
974 1459 1007 1501 se
1033 1437 1137 1501 iacere

131 1545 278 1609 segnem,
305 1526 394 1590 cuius
417 1525 623 1590 velocitatem
644 1546 739 1590 nemo
763 1530 859 1590 antea
883 1525 1041 1590 valuisset
1063 1525 1138 1589 effu-

76 1615 120 1680 30
130 1633 219 1697 gere:
241 1614 297 1677 rix
319 1634 395 1677 suos
418 1612 544 1677 credere
567 1634 633 1677 non
657 1614 805 1678 simulari
822 1613 1042 1677 valitudinem.
1076 1611 1137 1696 Ita,
1155 1632 1172 1681 8

131 1701 186 1784 qui
212 1702 289 1780 post
310 1699 453 1765 Dareum
479 1701 601 1764 victum
628 1700 771 1765 hariolos
798 1703 831 1764 et
856 1703 946 1764 vates
970 1701 1137 1765 consulere

131 1788 284 1870 desierat,
313 1809 424 1852 rursus
448 1787 487 1851 ad
511 1788 788 1871 superstitionem,
814 1788 1027 1851 humanarum
1049 1809 1136 1856 rnen·

130 1875 213 1939 tium
230 1874 383 1957 ludibria,
400 1875 565 1940 revolutus
584 1874 825 1964 Aristandrum,
844 1875 895 1939 cui
914 1875 1137 1939 credulitatem

131 1984 222 2027 suam
254 1962 433 2047 addixerat,
465 1959 631 2044 explorare
659 1964 809 2026 eventum
837 1983 944 2026 rerum
972 1961 1136 2026 sacrificiis

129 2051 228 2115 iubet
268 2049 340 2115 Mos
364 2012 435 2114 erat
456 2049 681 2134 haruspicibus
705 2053 779 2113 exta
802 2049 870 2114 sine
892 2069 969 2133 rege
992 2055 1137 2142 spectare

130 2142 176 2222 et,
199 2159 280 2222 quae
298 2138 576 2222 portenderentur,
599 2137 726 2203 referre.
758 2137 850 2202 Inter
868 2137 949 2202 haec
966 2159 1038 2220 rex,
1060 2138 1136 2201 dum
1155 2158 1170 2205 9

129 2227 220 2291 fibris
247 2227 405 2310 pecudum
432 2228 641 2310 explorantur
668 2228 800 2291 eventus
827 2226 1000 2290 latentium
1021 2245 1137 2307 rerum,

129 2315 261 2399 propius
279 2315 386 2416 ipsum
405 2314 567 2379 considere
587 2315 727 2396 [deinde]
748 2315 869 2379 amicos
887 2314 985 2396 iubet,
1003 2333 1044 2377 ne
1064 2334 1138 2377 con-

130 2404 275 2467 tentione
306 2403 395 2467 vocis
427 2403 609 2468 cicatricem
639 2403 801 2466 infirmam
832 2400 936 2465 adhuc
966 2403 1138 2483 rumperet.

130 2489 340 2591 liephaestio,
358 2488 512 2554 Craterus
531 2494 563 2553 et
576 2489 731 2572 Erigyius
750 2492 842 2553 erant
860 2509 933 2552 cum
951 2486 1137 2550 custodibus

131 2578 165 2642 in
196 2577 439 2642 tabernaculum
471 2576 612 2639 admissi.
666 2573 880 2657 Discrimen',
915 2572 1080 2656 inquit,
1086 2592 1190 2640 me10

132 2667 301 2749 occupavit
323 2664 456 2729 meliore
478 2663 635 2744 hostium,
657 2684 754 2745 quam
785 2683 855 2726 meo
878 2665 1032 2744 tempore.
1076 2659 1138 2726 Sed

130 2753 306 2818 necessitas
334 2755 408 2814 ante
435 2751 592 2815 rationem
620 2753 683 2834 est,
714 2751 853 2814 maxime
880 2751 915 2813 in
941 2749 1042 2833 bello,
1074 2770 1137 2832 quo

130 2862 205 2905 raro
233 2839 432 2922 permittitur
458 2842 604 2920 tempora
629 2838 745 2922 legere.
788 2837 942 2902 Defecere
963 2836 1141 2920 Bactriani,
1158 2855 1190 2903 11

132 2927 167 2990 in
194 2948 330 3010 quorum
357 2926 532 2990 cervicibus
561 2929 697 3004 stamus,
725 2929 770 3008 et,
798 2929 954 3010 quantum
981 2925 1017 2990 in
1042 2925 1137 2989 nobis

132 3014 233 3078 animi
252 3014 307 3096 sit,
330 3013 435 3077 alieno
457 3012 561 3077 Marte
530 3014 750 3096 texperiunt
752 3036 798 3077 ur.
834 3012 930 3077 Haud
952 3013 1050 3077 dubia
1073 3013 1139 3077 for·

89 3143 91 3149 1
131 3105 219 3167 tuna
266 3099 300 3166 Si
328 3101 529 3166 omiserimus
557 3099 691 3184 Scythes
719 3102 768 3165 ult
768 3122 804 3165 ro
833 3123 923 3166 arma
955 3101 1138 3183 inferentes,

130 3191 307 3273 contempti
326 3190 367 3254 ad
385 3190 473 3291 illos,
493 3211 548 3273 qur
539 3188 762 3272 defecerunt,
780 3193 991 3253 revertemur:
1015 3189 1044 3252 si
1061 3208 1138 3253 vero
1158 3203 1191 3253 la
1217 3254 1220 3259 ,

131 3277 305 3344 Tanaimt
291 3278 514 3343 transierimus
538 3280 572 3341 et
594 3277 742 3361 ubique
732 3278 833 3343 rnvict
834 3299 869 3341 os
894 3299 963 3341 esse
986 3297 1045 3340 nos
1062 3272 1139 3358 Scy·

130 3366 259 3432 tharum
283 3367 422 3450 pernicie
443 3387 480 3430 ac
499 3365 655 3451 sanguine
679 3366 926 3446 ostenderimus,
951 3364 1022 3446 quis
1046 3361 1137 3425 dubi·

130 3454 217 3518 tabit
238 3476 349 3538 parere
372 3455 471 3518 etiam
493 3453 642 3536 Europae
664 3453 731 3517 vict
717 3453 865 3517 toribus?
906 3451 1006 3515 Fallit
992 3454 1058 3531 tur,
1081 3447 1139 3532 qui
1157 3465 1185 3517 lt

129 3541 285 3606 terminos
304 3543 426 3626 gloriae
440 3546 516 3607 nost
518 3563 571 3606 rae
586 3542 718 3605 metitur
732 3564 789 3624 spa
791 3542 846 3623 tio,
866 3539 951 3623 quod
970 3535 1140 3602 transituri
