2444 3908
127 125 194 188 212
499 125 530 190 Q.
550 124 659 180 CURTI
676 124 762 180 RUFI

129 268 291 350 collesque
317 268 527 351 resonabant,
554 290 627 332 eum
654 272 726 333 orta
748 268 883 335 licentia
906 292 926 333 a
947 271 1073 354 paucis,
1101 275 1142 335 ut

78 369 109 418 1⁷
128 356 195 420 fere
218 357 264 438 fit,
286 356 320 420 in
342 377 453 421 omnes
478 377 511 420 se
534 360 664 438 repente
687 356 862 438 vulgasset.
903 356 1029 440 Quippe
1047 357 1142 425 velut

128 444 163 508 in
185 443 289 508 media
311 465 390 528 pace
413 465 470 527 per
492 444 609 508 herbas
632 444 861 528 adgestamque
889 445 1038 510 frondem
1064 468 1142 530 pro-

129 535 270 596 stravere
289 554 432 615 corpora.
467 532 512 596 Et
529 554 585 596 rex
601 532 770 596 fortuitam
788 532 945 596 laetitiam
963 555 1029 597 non
1048 556 1141 599 aver-

129 623 219 684 satus
247 621 338 704 large
366 620 406 684 ad
436 621 546 702 epulas
574 620 723 684 omnibus
750 620 907 702 praebitis
934 640 1043 704 perx
1069 623 1140 687 dies

77 719 111 769 18
129 707 247 772 Libero
269 708 360 772 Patri
383 712 550 791 operatum
572 708 687 772 habuit
710 709 892 773 exercitum.
938 708 1017 784 Quis
1040 716 1142 795 neget

129 796 280 860 eximiam
303 818 429 879 quoque
453 797 591 881 gloriam
618 795 747 878 saepius
773 795 923 861 fortunae
950 819 1048 880 quam
1074 799 1140 863 vir-

128 884 210 948 tutis
234 905 303 948 esse
325 884 539 948 beneficium?
563 884 682 968 quippe
703 905 744 948 ne
767 885 933 966 epulantes
957 885 1087 968 quidem
1107 891 1142 950 et

130 973 254 1055 sopitos
285 994 375 1037 mero
408 972 541 1056 adgredi
572 994 669 1037 ausus
697 975 747 1037 est
777 971 895 1054 hostis,
927 973 1014 1036 haud
1046 995 1140 1039 secus

49 1070 53 1079 '
128 1060 355 1124 bacchantium
378 1060 633 1144 ululantiumque
655 1059 786 1123 fremitu
810 1061 1013 1143 perterritus,
1042 1083 1140 1144 quam

130 1148 158 1212 si
175 1148 404 1230 proeliantium
427 1149 549 1212 clamor
570 1151 655 1212 esset
673 1147 810 1231 auditus.
855 1147 979 1211 Eadem
996 1148 1139 1214 felicitas

130 1235 171 1299 ab
187 1233 314 1299 Oceano
332 1239 529 1298 revertentes
548 1237 743 1299 temulentos
758 1235 1031 1319 comissantesque
1050 1237 1141 1303 inter

130 1343 187 1386 ora
209 1322 352 1385 hostium
375 1324 465 1386 texit.

78 1423 111 1470 19
217 1409 303 1474 Hinc
334 1410 374 1473 ad
399 1411 579 1493 regionem,
610 1432 691 1495 quae
718 1409 863 1476 Daedala
890 1414 1036 1494 vocatur,
1065 1417 1192 1495 per-37

130 1502 261 1562 ventum
285 1501 343 1563 est.
382 1496 597 1562 Deseruerant
614 1497 741 1562 incolae
761 1499 852 1563 sedes
871 1501 956 1563 etin
976 1500 1064 1564 avios
1083 1500 1138 1564 sil-

129 1590 316 1669 vestresque
334 1590 459 1651 montes
478 1587 699 1670 confugerent.
743 1585 832 1670 Ergo
851 1587 992 1651 Acadira
1017 1587 1138 1651 transit

77 1686 112 1734 20
131 1695 228 1757 aeque
246 1678 321 1739 usta
339 1680 372 1738 et
390 1675 544 1739 destituta
561 1675 769 1739 incolentium
787 1673 876 1757 fuga.
906 1674 1021 1757 Itaque
1038 1674 1137 1740 ratio·

32 1834 35 1838 Α
129 1783 203 1826 nem
236 1762 315 1826 belli
350 1763 525 1828 necessitas
562 1762 709 1827 mutavit.
762 1761 884 1826 Divisis
917 1763 1003 1826 enim
1034 1763 1138 1846 copiis

129 1850 274 1933 pluribus
303 1851 398 1914 simul
424 1851 504 1915 loeis
531 1872 621 1915 arma
644 1850 799 1932 ostendit,
826 1851 1048 1934 oppressique,
1080 1851 1139 1916 ubi

129 1960 195 2003 non
218 1941 465 2022 expectaverant
487 1938 626 2021 hostem,
645 1939 734 2002 omni
752 1938 841 2002 clade
860 1938 1033 2020 perdomiti
1053 1943 1139 2007 sunt.

77 2037 109 2085 21
129 2024 333 2091 Ptolemaeus
354 2027 636 2108 plurimas-urbes,
660 2025 842 2090 Alexander
860 2027 1018 2091 maximas
1039 2028 1139 2110 cepit:

77 2125 111 2174 aa
129 2136 317 2196 rursusque,
341 2135 419 2196 quas
442 2113 663 2195 distribuerat,
686 2115 795 2196 copias
817 2114 932 2178 iunxit.
979 2112 1138 2197 Superato

129 2202 241 2265 deinde
265 2200 412 2283 Choaspe
435 2223 528 2265 amne
548 2199 678 2265 Coenon
699 2201 733 2265 in
756 2201 923 2265 obsidione
945 2202 1035 2266 urbis
1059 2225 1138 2286 opu·

129 2290 236 2353 lentae
258 2324 294 2334 -
315 2287 412 2352 Beira
429 2288 552 2352 incolae
571 2291 688 2352 vocant
701 2325 742 2335 —
757 2289 900 2372 reliquit:
918 2289 989 2372 ipse
1007 2289 1047 2354 ad
1066 2290 1137 2355 Ma·

129 2397 226 2461 aegas
258 2377 355 2441 venit.
398 2375 510 2459 Nuper
536 2376 715 2459 Assacano,
742 2375 831 2440 cuius
858 2397 994 2462 regnum
1021 2378 1139 2463 fuerat,

130 2465 298 2529 demortuo
317 2465 443 2548 regioni
457 2463 592 2547 urbique
605 2467 753 2546 praeerat
769 2468 873 2528 mater
892 2466 959 2529 eius
974 2461 1139 2550 Cleophis.

78 2566 112 2614 aa
130 2571 266 2618 xxxvm
284 2552 375 2617 milia
391 2552 535 2637 peditum
549 2553 725 2616 tuebantur
736 2551 849 2616 urbem
862 2574 928 2616 non
943 2553 1009 2617 situ
1023 2555 1139 2638 solum,

131 2642 187 2705 sed
205 2642 303 2704 etiam
322 2662 419 2725 opere
437 2641 603 2705 munitam.
642 2639 728 2704 Nam
746 2661 810 2723 qua
828 2646 953 2724 spectat
971 2641 1138 2725 orientem,

131 2728 271 2810 cingitur
294 2749 388 2792 amne
410 2728 561 2811 torrenti,
588 2726 644 2811 qui
665 2728 848 2810 praeruptis
870 2730 1033 2812 utrimque
1055 2730 1138 2812 ripis

78 2828 113 2876 24
131 2816 255 2879 aditum
279 2815 320 2878 ad
333 2816 454 2880 'urbem
477 2815 608 2899 inpedit.
652 2813 704 2878 Ad
727 2816 924 2880 occidentem
944 2821 977 2881 et
999 2839 1019 2881 a
1041 2818 1138 2882 meri·

130 2903 182 2968 die
204 2904 292 2967 velut
315 2904 354 2967 de
371 2902 530 2967 industria
548 2924 644 2986 rupes
662 2903 824 2985 praealtas
844 2905 1002 2969 obmolita
1019 2910 1140 2971 natura

131 2995 193 3072 est,
220 2991 305 3056 infra
328 3013 406 3074 quas
430 3012 584 3057 cavernae
607 2995 641 3054 et
662 2991 833 3075 voragines
854 2993 954 3077 longa
975 2996 1138 3058 vetustate

130 3080 166 3144 in
184 3080 286 3143 altum
305 3082 437 3144 cavatae
455 3079 570 3163 iacent,
592 3098 716 3162 quaque
738 3078 897 3163 desinunt,
919 3081 1009 3145 fossa
1026 3081 1138 3164 ingen·

78 3179 111 3228 25
130 3167 173 3232 tis
202 3167 308 3250 operis
336 3166 463 3232 obiecta
489 3171 546 3232 est.
591 3184 687 3231 xxxv
714 3167 855 3231 stadium
881 3190 992 3232 murus
1021 3170 1137 3235 urbem

130 3257 356 3339 conplectitur,
384 3256 474 3319 cuius
502 3256 568 3319 ima
596 3276 686 3336 saxo,
718 3257 883 3337 superiora
910 3256 1006 3321 crudo
1034 3257 1138 3323 latere

131 3349 208 3410 sunt
226 3348 358 3408 structa.
393 3342 503 3406 Lateri
521 3343 684 3407 vinculum
702 3343 825 3424 lapides
841 3346 924 3426 sunt,
943 3366 1024 3427 quos
1038 3346 1137 3410 inter·

131 3454 276 3514 posuere,
293 3436 330 3496 ut
347 3431 468 3496 duriori
487 3431 641 3495 materiae
655 3430 782 3514 fragilis
801 3431 1009 3516 incumberet,
1028 3433 1138 3498 simul·

78 3530 112 3578 ae
132 3541 193 3605 que
206 3525 295 3586 terra
307 3520 442 3584 humore
456 3518 567 3583 diluta.
597 3518 647 3583 Ne
666 3522 776 3582 tamen
791 3519 941 3584 universa
955 3520 1139 3587 consideret
