2444 3908
170 134 213 197 92
541 131 572 197 Q.
593 130 703 186 CURTI
719 130 807 184 RUFI

171 298 301 362 agmen:
334 277 385 341 sin
412 299 453 340 au
453 279 519 340 tem
545 277 613 359 ipse
644 275 719 339 host
705 279 771 338 tem
801 273 969 338 fefellisset
997 275 1030 337 et
1059 275 1185 340 saltum
1221 351 1222 363 ,

170 369 371 448 occupasset,
401 386 475 429 cum
504 363 734 447 trepidantium
763 362 973 427 barbarorum
1001 363 1185 428 tumultum

170 452 351 516 exaudisset
336 455 584 536 t,persequens
611 454 680 514 tum
702 470 812 534 regem
834 449 898 512 id
889 471 995 533 rpsum
1017 449 1091 533 iter,
1117 473 1183 535 quo

170 540 273 621 pridie
295 540 380 623 pulsi
397 540 539 622 fuerant,
564 560 605 602 ne
627 539 789 603 dubitaret
810 537 949 620 ingredi:
982 535 1104 620 quippe
1129 560 1183 602 ve·

119 647 150 696 11
170 647 265 690 cuum
282 628 351 692 fore
367 589 569 691 hostibusin
587 629 688 690 semet
705 626 835 690 aversis.
866 623 939 707 Ipse
956 625 1054 688 tertia
1068 624 1221 710 vigiliali

171 715 280 779 silenti
309 716 437 800 agmine
464 734 501 778 ec
526 734 567 777 ne
594 713 673 777 tuba
700 713 827 797 quidem
850 711 926 776 dato
953 711 1048 796 signo
1072 715 1184 798 pergit

171 803 212 866 ed
235 804 489 867 demonstratum
509 802 571 866 iter
591 800 733 865 callium:
755 799 855 863 tridui
877 799 1031 863 alimenta
1049 804 1183 902 portare

119 910 152 960 18
171 891 307 954 militem
328 891 467 954 iusserat
488 890 600 954 leviter
623 891 726 952 armat
727 902 802 952 um.¹
836 885 898 952 Sed
922 886 1084 968 praeter
1073 889 1182 953 mvias

170 999 266 1078 rupes
295 998 332 1041 ac
353 980 527 1061 praerupta
549 999 639 1059 saxa,
670 976 841 1060 vestigium
864 974 998 1038 subinde
1004 974 1182 1074 fallentia,

170 1065 226 1128 nix
243 1064 405 1128 cumulata
422 1068 518 1128 vento
534 1027 749 1147 ingredientes
762 1063 811 1127 fat
797 1061 935 1148 tigabat·
958 1061 1079 1146 quippe
1092 1063 1183 1128 velut

171 1152 206 1215 in
237 1150 346 1215 foveas
379 1151 476 1214 delati
502 1151 733 1215 hauriebantur
762 1153 806 1233 et,
838 1171 911 1213 cum
939 1171 958 1211 a
987 1150 1182 1216 commilito·

170 1238 265 1301 nibus
288 1238 519 1321 adlevarentur,
541 1239 715 1303 trahebant
737 1238 840 1321 magis
859 1236 1057 1319 adiuvantes,
1082 1258 1182 1321 quam

120 1345 152 1392 11
173 1325 397 1409 sequebantur.
432 1323 505 1389 Nox
528 1347 653 1408 quoque
680 1329 712 1388 et
738 1325 851 1409 ignota
873 1324 962 1408 regio
986 1344 1024 1388 ac
1047 1324 1114 1389 dux
1137 1362 1181 1374 -

171 1412 328 1476 incertum
356 1434 398 1476 an
425 1413 502 1486 11111
529 1412 612 1476 fidus
638 1448 677 1458 -
701 1411 960 1494 multiplicabant
981 1415 1119 1477 metum:
1154 1415 1182 1478 si

172 1500 318 1564 custodes
340 1499 517 1581 fefellisset,
539 1500 629 1582 quasi
651 1500 736 1563 feras
759 1500 877 1563 bestias
899 1498 987 1583 ipsos
1009 1520 1106 1581 posse
1127 1501 1180 1565 de·

171 1587 334 1669 prehendi.
378 1587 430 1651 Ex
456 1588 551 1651 unius
578 1587 697 1669 captivi
723 1588 774 1650 vel
801 1587 862 1650 fide
888 1588 940 1650 111
967 1587 1074 1651 anima
1101 1609 1179 1672 pen·

120 1694 154 1742 ao
172 1674 246 1737 dere
277 1678 310 1738 et
340 1676 425 1759 regis
457 1675 594 1739 salutem
625 1678 658 1738 et
685 1696 784 1739 suam.
828 1673 972 1738 Tandem
1000 1695 1118 1739 venere
1146 1676 1181 1740 in

172 1762 292 1846 iugum.
336 1762 368 1826 A
394 1763 506 1826 dextra
535 1763 597 1826 iter
629 1763 670 1827 ed
700 1763 807 1847 ipsum
834 1762 1074 1827 Ariobarzanen
1101 1767 1180 1828 erat

173 1849 236 1913 Hic
261 1849 424 1915 Philotam
451 1853 484 1914 et
511 1848 642 1915 Coenon
676 1871 748 1914 cum
780 1850 925 1932 Amynta
961 1853 994 1914 et
1023 1849 1180 1934 Polyper·

174 1941 281 2021 conte,
291 1939 484 2038 expeditam
505 1937 662 2002 habentes
684 1959 824 2020 menum,
844 1937 1006 2020 relinquit
1028 1939 1181 2041 monitos,

173 2028 222 2108 ut,
245 2025 319 2107 quia
342 2029 375 2089 et
397 2047 493 2108 eques
515 2025 616 2105 pediti
637 2025 699 2088 iret
720 2025 895 2087 mixtuset
917 2045 1013 2122 quam
1033 2025 1181 2110 pinguis·

174 2112 290 2173 simum
316 2115 401 2174 esset
428 2111 532 2175 solum
554 2113 587 2173 et
609 2111 719 2192 pabuli
740 2110 859 2191 fertile,
887 2109 1006 2172 sensim
1028 2113 1181 2190 procede·

120 2216 153 2264 21
173 2200 258 2260 rent:
287 2197 382 2260 duces
406 2201 498 2260 erant
523 2197 649 2261 itineris
672 2197 710 2259 de
734 2196 868 2279 captivis
891 2196 967 2260 dati.
1010 2193 1083 2278 Ipse
1109 2223 1182 2266 cum

173 2283 340 2367 armigeris
363 2287 396 2347 et
418 2284 482 2366 ala,
508 2305 605 2366 quam
628 2304 742 2368 agema
764 2282 982 2366 appellabant,
1008 2284 1110 2350 ardua
1134 2311 1182 2353 se·

173 2371 262 2454 mite,
285 2371 340 2435 sed
361 2371 491 2455 longius
514 2393 534 2434 a
556 2370 749 2435 stationibus
771 2371 914 2435 hostium
936 2375 1060 2436 remota
1077 2377 1184 2441 multa

121 2479 154 2527 22
174 2480 247 2522 cum
273 2460 441 2524 vexatione
463 2459 628 2542 processit.
605 2456 788 2523 tMedius
809 2462 879 2522 erat
897 2459 964 2522 dies
983 2463 1016 2524 et
1033 2459 1183 2546 fatigatis

173 2547 356 2611 necessaria
378 2548 482 2648 quies:
505 2547 623 2631 quippe
646 2546 837 2610 tantundem
858 2546 984 2611 itineris
1005 2555 1184 2634 supererat,

174 2638 330 2717 quantum
361 2635 481 2698 emensi
512 2638 617 2716 erant,
590 2634 704 2698 tsed
735 2635 841 2698 minus
872 2635 1056 2718 praecipitis
1083 2640 1183 2721 etque

120 2742 154 2789 aa
174 2722 273 2785 ardui.
308 2720 422 2806 Itaque
439 2722 566 2786 refectis
585 2685 656 2786 cibo
676 2743 852 2806 somnoque
869 2722 1025 2786 militibus
1040 2726 1184 2790 secunda

176 2808 286 2892 vigilia
309 2809 421 2893 surgit.
398 2808 510 2872 tEt
537 2811 642 2872 cetera
665 2809 792 2891 quidem
814 2808 901 2873 haud
923 2831 1018 2895 aegre
1039 2815 1182 2893 praeter-

173 2896 217 2959 it:
258 2898 409 2978 ceterum,
445 2917 508 2979 qua
540 2917 573 2959 se
609 2897 807 2960 montium'
798 2918 910 2982 rugum
945 2897 1103 2980 paulatim
1141 2901 1183 2966 ad

172 2982 321 3064 planiora
343 2984 496 3066 demittit,
520 2983 635 3066 ingens
657 3003 777 3068 vorago
801 3005 957 3049 concursu
979 2988 1094 3050 cavata
1115 2990 1183 3052 tor-

120 3091 155 3139 14
173 3070 313 3133 rentium
343 3070 405 3134 iter
436 3074 575 3153 ruperat.
626 3071 678 3135 Ad
709 3072 771 3136 hoc
802 3072 953 3136 arborum
985 3073 1067 3137 rami
1099 3074 1184 3140 alius

174 3159 236 3222 alio
263 3158 409 3241 inplicati
435 3162 468 3222 et
494 3159 701 3223 cohaerentes
728 3162 765 3222 ut
786 3163 974 3242 perpetuam
996 3160 1185 3227 obiecerant

174 3267 310 3329 saepem.
355 3245 543 3328 Desperatio
565 3247 666 3330 igitur
688 3247 816 3330 ingens,
844 3246 922 3310 adeo
949 3250 986 3310 ut
1011 3248 1065 3311 vix
1088 3249 1184 3316 lacri-

121 3355 154 3403 25
173 3334 235 3398 mis
258 3333 466 3417 abstinerent,
490 3334 672 3398 incesserat.
717 3334 891 3415 Praecipue
914 3334 1095 3400 obscuritas
1118 3339 1184 3402 ter·

173 3422 239 3486 rori
267 3424 349 3486 eret:
379 3443 455 3486 nam
478 3421 604 3485 etiamsi
627 3443 691 3506 qua
714 3422 819 3486 sidera
840 3421 1083 3506 internitebant,
1107 3445 1183 3490 con·

172 3510 289 3574 tinenti
318 3509 431 3574 fronde
459 3511 564 3574 tectae
593 3509 723 3573 arbores
751 3509 933 3592 conspicere
954 3509 1185 3593 prohibebant
