2444 3908
108 156 172 221 180
479 152 510 218 Q.
531 153 642 209 CURTI
660 153 747 208 RUFI

107 301 178 385 quis
206 299 293 383 ipsos
320 296 475 362 beneficio
505 319 601 381 quam
628 297 748 361 iniuria
776 297 914 381 experiri
937 297 1131 385 maluisset,

71 391 285 453 ecerteturos
308 385 423 470 fuisse,
450 407 491 449 ne
515 386 718 450 vincerentur
741 385 859 451 officio.
903 384 1129 471 Interrogati·

107 497 178 561 que,
197 496 260 559 quo
278 474 414 557 pignore
432 474 528 537 fidem
548 473 726 558 obligaturi
745 477 860 557 essent,
882 473 997 557 vitam,
1021 497 1129 559 quam

107 564 302 646 acciperent,
325 561 455 646 pignori
479 562 619 627 futuram
648 582 717 626 esse
740 561 902 625 dixerunt:
925 562 1129 649 reddituros,

107 651 298 736 quandoque
311 651 492 733 repetisset.
520 647 552 712 N
554 670 589 713 ec
602 650 797 732 promissum
810 647 1006 715 fefellerunt
1034 649 1129 717 Nam

107 740 164 825 qui
190 739 318 803 remissi
350 738 462 803 domos
491 740 596 820 erant,
627 737 689 801 fide
717 737 902 802 continuere
929 739 1128 821 populares:

108 831 259 914 quattuor
281 827 367 891 inter
390 825 537 890 custodes
561 824 701 908 eorporis
726 825 842 890 retenti
863 824 946 889 nulli
968 824 1127 893 Macedo·

44 952 48 961 ·
108 939 186 981 num
211 916 247 980 in
267 935 378 998 regem
402 915 538 978 caritate
561 916 735 978 cesserunt.
1198 910 1208 977 .'

56 1015 89 1063 10
195 1003 234 1068 In
261 1002 432 1087 Sogdianis
459 1002 616 1067 Peucolao
644 1022 716 1066 cum
743 1019 783 1065 111
810 1000 943 1065 milibus
971 1000 1171 1085 peditum40

108 1112 536 1260 {retellsselltffiamilii
557 1089 1126 1263 tzttll¹⁰nttttttutltlt
1208 1160 1215 1171 ·

57 1280 88 1328 11
108 1266 276 1331 interfecto
299 1264 406 1328 Dareo
434 1286 553 1347 poenas
577 1266 682 1347 capite
710 1264 959 1348 persoluturum.
1011 1264 1124 1331 Isdem

108 1355 175 1419 fere
189 1351 302 1416 diebus
317 1351 519 1416 Ptolemaeus
539 1355 571 1417 et
584 1351 798 1417 Melamnidas
812 1352 957 1436 peditum
971 1368 1015 1418 111
1028 1354 1125 1420 milia

57 1454 89 1503 12
109 1444 142 1507 et
160 1441 283 1526 equites
301 1438 392 1504 mille
408 1440 608 1504 adduxerunt
621 1441 766 1506 mercede
779 1441 987 1505 militaturos.
1014 1440 1123 1507 Asan-

109 1530 165 1593 der
188 1549 314 1612 quoque
338 1549 376 1591 ex
398 1526 500 1611 Lycia
522 1549 594 1593 cum
617 1528 690 1611 pari
711 1550 846 1593 numero
868 1528 1017 1611 peditum
1041 1533 1077 1595 et
1097 1548 1123 1596 1>

110 1616 272 1701 equitibus
294 1616 390 1680 venit
430 1615 580 1680 Totidem
604 1638 642 1680 ex
661 1613 756 1699 Syria
777 1615 1052 1698 Asclepiodorum
1075 1640 1123 1685 se·

110 1705 303 1790 quebantur:
326 1703 500 1787 Antipater
521 1703 715 1769 Graecorum
734 1722 800 1768 V111
814 1704 914 1788 milia,
934 1704 969 1767 in
987 1706 1063 1789 quis
1076 1724 1123 1773 nc

57 1806 90 1853 13
110 1794 234 1879 equites
263 1796 368 1876 erant,
396 1792 538 1857 miserat.
582 1792 696 1876 Itaque
724 1792 866 1856 exercitu
889 1796 985 1857 aucto
1010 1792 1053 1859 ad
1077 1816 1122 1879 ea,

109 1905 189 1967 quae
217 1881 395 1947 defectione
421 1881 553 1945 turbata
580 1883 685 1963 erant,
717 1878 928 1964 conponenda
958 1884 1123 1964 processit

109 1969 349 2053 interfectisque
387 1968 659 2033 consternationis
691 1968 878 2033 auctoribus
916 1972 1035 2052 quarto
1070 1970 1122 2037 die

110 2060 149 2123 ad
181 2059 300 2122 flumen
329 2055 432 2120 Oxum
461 2060 650 2140 perventum
679 2059 737 2121 est.
786 2054 863 2141 Hic,
894 2057 971 2140 quia
1005 2058 1123 2124 limum

58 2157 91 2205 14
110 2146 213 2227 vehit,
239 2142 385 2208 turbidus
413 2165 553 2227 semper,
581 2143 757 2207 insalubris
785 2147 836 2207 est
858 2145 959 2227 potui.
1003 2145 1124 2233 Itaque
1207 2181 1208 2184 ¹

108 2237 224 2317 puteos
257 2230 351 2294 miles
385 2236 534 2313 coeperat
564 2231 673 2294 fodere
695 2252 756 2296 nec
787 2235 898 2296 tamen
923 2232 1026 2298 humo
1055 2236 1124 2301 alte

110 2323 221 2406 egesta
239 2317 398 2382 existebat
416 2317 541 2383 humor.
578 2317 660 2383 'lum
674 2318 707 2381 in
722 2318 793 2402 ipso
807 2321 1019 2387 tabernaculo
1033 2324 1124 2409 regis

110 2412 298 2493 conspectus
321 2409 371 2472 est
392 2406 479 2490 fons,
507 2428 601 2490 quem
625 2406 701 2490 quia
723 2407 814 2472 tarde
838 2411 1047 2493 notaverant,
1071 2432 1124 2477 su·

109 2499 179 2563 bito
203 2497 347 2562 extitisse
370 2495 542 2559 linxerunt:
565 2517 683 2579 rexque
702 2495 771 2578 ipse
790 2495 877 2560 credi
893 2495 1009 2581 voluit,
1031 2498 1126 2565 &aaa

58 2597 91 2647 15
110 2587 229 2652 donum
252 2585 286 2649 id
308 2583 418 2650 fuisse.
464 2582 628 2667 Superatis
657 2582 771 2647 deinde
799 2584 949 2648 amnibus
972 2583 1066 2652 Ocho
1091 2590 1126 2653 et

110 2674 180 2738 Oxo
213 2673 254 2737 ad
284 2673 396 2737 urbem
424 2670 626 2755 Margianam
656 2671 812 2755 pervenit.
861 2669 956 2737 Circa
981 2694 1058 2739 eam
1086 2694 1127 2742 vr

110 2761 236 2844 oppidis
259 2759 431 2824 condendis
458 2759 561 2823 electa
588 2760 679 2824 sedes
707 2762 770 2824 est:
802 2760 865 2825 duo
889 2760 928 2824 ed
951 2762 1127 2829 meridiem

110 2870 218 2930 versa,
240 2865 294 2911 1111
313 2847 493 2929 spectantia
515 2847 673 2911 orientem
691 2848 828 2912 modicis
847 2848 930 2912 inter
949 2870 984 2913 se
1004 2852 1127 2935 spatiis

111 2936 288 3016 distabant,
314 2956 355 2998 ne
381 2934 495 3017 procul
517 2935 726 3018 repetendum
750 2939 836 3000 esset
858 2938 1008 3002 mutuum
1033 2940 1128 3005 auxi·

59 3037 91 3085 16
110 3024 198 3088 lium.
247 3021 337 3086 Haec
364 3023 472 3087 omnia
500 3023 563 3087 sita
590 3027 667 3088 sunt
692 3023 727 3087 in
751 3023 845 3088 editis
869 3023 1024 3090 collibus:
1054 3030 1129 3094 tum

110 3112 200 3177 velut
218 3110 301 3175 freni
320 3110 513 3175 domitarum
531 3112 689 3196 gentium,
709 3133 794 3176 nunc
813 3111 948 3195 originis
969 3135 1051 3179 suae
1070 3116 1129 3183 ob·

110 3202 172 3266 lita
191 3199 349 3282 serviunt,
373 3199 488 3282 quibus
511 3199 760 3284 imperavenmt.

538 3354 618 3422 One.
640 3356 696 3422 XI.

76 3482 90 3526 1
201 3465 246 3530 Et
269 3467 375 3529 cetera
394 3462 523 3548 quidem
542 3466 715 3546 pacaverat
731 3485 796 3527 rex.
836 3462 910 3529 Una
928 3468 1000 3530 erat
1019 3472 1132 3557 petra,
1141 3480 1177 3547 41

114 3576 210 3638 quam
242 3553 408 3618 Arimazes
443 3550 623 3637 Sogdianus
653 3570 727 3616 xxx
758 3551 889 3616 milibus
922 3558 1133 3627 armatorum
