<?xml version="1.0" encoding="UTF-8"?>
<!DOCTYPE html PUBLIC "-//W3C//DTD XHTML 1.0 Transitional//EN"
    "http://www.w3.org/TR/xhtml1/DTD/xhtml1-transitional.dtd">
<html xmlns="http://www.w3.org/1999/xhtml" xml:lang="en" lang="en">
 <head>
  <title>
</title>
<meta http-equiv="Content-Type" content="text/html;charset=utf-8" />
  <meta name='ocr-system' content='tesseract 3.04.00' />
  <meta name='ocr-capabilities' content='ocr_page ocr_carea ocr_par ocr_line ocrx_word'/>
</head>
<body>
  <div class='ocr_page' id='page_1' title='image "./historiarumalex01rufugoog_0191.png"; bbox 0 0 2444 3908; ppageno 0'>
   <div class='ocr_carea' id='block_1_1' title="bbox 185 124 817 191">
    <p class='ocr_par' dir='ltr' id='par_1_1' title="bbox 185 124 817 191">
     <span class='ocr_line' id='line_1_1' title="bbox 185 124 817 191; baseline -0.003 -12"><span class='ocrx_word' id='word_1_1' title='bbox 185 125 248 189; x_wconf 78' lang='lat'>154</span> <span class='ocrx_word' id='word_1_2' title='bbox 553 125 584 191; x_wconf 80' lang='lat' dir='ltr'>Q.</span> <span class='ocrx_word' id='word_1_3' title='bbox 604 124 713 180; x_wconf 84' lang='lat' dir='ltr'>CURTI</span> <span class='ocrx_word' id='word_1_4' title='bbox 730 124 817 179; x_wconf 81' lang='lat' dir='ltr'>RUFI</span> 
     </span>
    </p>
   </div>
   <div class='ocr_carea' id='block_1_2' title="bbox 3 262 1200 879">
    <p class='ocr_par' dir='ltr' id='par_1_2' title="bbox 3 262 1200 702">
     <span class='ocr_line' id='line_1_2' title="bbox 183 262 1200 351; baseline -0.002 -19"><span class='ocrx_word' id='word_1_5' title='bbox 183 290 264 350; x_wconf 90' lang='lat' dir='ltr'>sem,</span> <span class='ocrx_word' id='word_1_6' title='bbox 291 268 357 332; x_wconf 86' lang='lat' dir='ltr'>alte</span> <span class='ocrx_word' id='word_1_7' title='bbox 380 268 596 333; x_wconf 75' lang='lat' dir='ltr'>dissimulatio</span> <span class='ocrx_word' id='word_1_8' title='bbox 620 289 692 332; x_wconf 88' lang='lat' dir='ltr'>mea</span> <span class='ocrx_word' id='word_1_9' title='bbox 715 288 892 351; x_wconf 88' lang='lat' dir='ltr'>suppurare</span> <span class='ocrx_word' id='word_1_10' title='bbox 914 263 1084 349; x_wconf 86' lang='lat' dir='ltr'>potuisset.</span> <span class='ocrx_word' id='word_1_11' title='bbox 1132 262 1200 331; x_wconf 83' lang='lat' dir='ltr'>Sed</span> 
     </span>
     <span class='ocr_line' id='line_1_3' title="bbox 183 349 1199 439; baseline 0 -20"><span class='ocrx_word' id='word_1_12' title='bbox 183 356 284 419; x_wconf 86' lang='lat' dir='ltr'>satius</span> <span class='ocrx_word' id='word_1_13' title='bbox 319 358 367 419; x_wconf 90' lang='lat' dir='ltr'>est</span> <span class='ocrx_word' id='word_1_14' title='bbox 398 360 554 439; x_wconf 87' lang='lat' dir='ltr'>purgatos</span> <span class='ocrx_word' id='word_1_15' title='bbox 587 377 657 420; x_wconf 88' lang='lat' dir='ltr'>esse</span> <span class='ocrx_word' id='word_1_16' title='bbox 687 377 785 439; x_wconf 91' lang='lat' dir='ltr'>quam</span> <span class='ocrx_word' id='word_1_17' title='bbox 813 358 988 438; x_wconf 86' lang='lat' dir='ltr'>suspectos.</span> <span class='ocrx_word' id='word_1_18' title='bbox 1038 349 1199 438; x_wconf 72' lang='lat' dir='ltr'>Cogitate</span> 
     </span>
     <span class='ocr_line' id='line_1_4' title="bbox 182 440 1200 527; baseline -0.001 -21"><span class='ocrx_word' id='word_1_19' title='bbox 182 443 344 507; x_wconf 90' lang='lat' dir='ltr'>neminem</span> <span class='ocrx_word' id='word_1_20' title='bbox 366 444 492 508; x_wconf 87' lang='lat' dir='ltr'>absolvi</span> <span class='ocrx_word' id='word_1_21' title='bbox 515 465 619 527; x_wconf 86' lang='lat' dir='ltr'>posse,</span> <span class='ocrx_word' id='word_1_22' title='bbox 640 443 705 508; x_wconf 87' lang='lat' dir='ltr'>nisi</span> <span class='ocrx_word' id='word_1_23' title='bbox 728 443 785 525; x_wconf 91' lang='lat' dir='ltr'>qui</span> <span class='ocrx_word' id='word_1_24' title='bbox 807 442 925 507; x_wconf 78' lang='lat' dir='ltr'>dixerit</span> <span class='ocrx_word' id='word_1_25' title='bbox 947 462 1088 507; x_wconf 85' lang='lat' dir='ltr'>causam.</span> <span class='ocrx_word' id='word_1_26' title='bbox 1136 440 1200 526; x_wconf 80' lang='lat' dir='ltr'>Tu,</span> 
     </span>
     <span class='ocr_line' id='line_1_5' title="bbox 3 527 1200 615; baseline 0.004 -25"><span class='ocrx_word' id='word_1_27' title='bbox 3 598 7 607; x_wconf 35' lang='lat'>¹</span> <span class='ocrx_word' id='word_1_28' title='bbox 132 543 164 590; x_wconf 94' lang='lat'>10</span> <span class='ocrx_word' id='word_1_29' title='bbox 183 529 336 614; x_wconf 84' lang='lat' dir='ltr'>Amynta,</span> <span class='ocrx_word' id='word_1_30' title='bbox 353 532 485 615; x_wconf 86' lang='lat' dir='ltr'>ignosce</span> <span class='ocrx_word' id='word_1_31' title='bbox 502 532 597 595; x_wconf 86' lang='lat' dir='ltr'>fratri</span> <span class='ocrx_word' id='word_1_32' title='bbox 615 535 681 596; x_wconf 88' lang='lat' dir='ltr'>tuo.</span> <span class='ocrx_word' id='word_1_33' title='bbox 712 530 865 597; x_wconf 75' lang='lat' dir='ltr'>Pirithoo</span> <span class='ocrx_word' id='word_1_34' title='bbox 883 527 1075 613; x_wconf 86' lang='lat' dir='ltr'>simpliciter</span> <span class='ocrx_word' id='word_1_35' title='bbox 1093 529 1200 595; x_wconf 86' lang='lat' dir='ltr'>etiam</span> 
     </span>
     <span class='ocr_line' id='line_1_6' title="bbox 182 617 840 702; baseline 0.002 -20"><span class='ocrx_word' id='word_1_36' title='bbox 182 619 264 687; x_wconf 85' lang='lat' dir='ltr'>mihi</span> <span class='ocrx_word' id='word_1_37' title='bbox 280 620 484 685; x_wconf 82' lang='lat' dir='ltr'>&#39;reconciliati</span> <span class='ocrx_word' id='word_1_38' title='bbox 505 620 605 685; x_wconf 89' lang='lat' dir='ltr'>animi</span> <span class='ocrx_word' id='word_1_39' title='bbox 628 619 677 684; x_wconf 92' lang='lat' dir='ltr'>tui</span> <span class='ocrx_word' id='word_1_40' title='bbox 699 617 840 702; x_wconf 88' lang='lat' dir='ltr'>pignus&#39;.</span> 
     </span>
    </p>

    <p class='ocr_par' dir='ltr' id='par_1_3' title="bbox 3 704 1199 879">
     <span class='ocr_line' id='line_1_7' title="bbox 3 704 1197 789; baseline 0 -18"><span class='ocrx_word' id='word_1_41' title='bbox 3 770 6 779; x_wconf 87' lang='grc'>,</span> <span class='ocrx_word' id='word_1_42' title='bbox 271 705 428 772; x_wconf 80' lang='lat' dir='ltr'>Contione</span> <span class='ocrx_word' id='word_1_43' title='bbox 442 707 557 772; x_wconf 87' lang='lat' dir='ltr'>deinde</span> <span class='ocrx_word' id='word_1_44' title='bbox 572 707 705 772; x_wconf 86' lang='lat' dir='ltr'>dimissa</span> <span class='ocrx_word' id='word_1_45' title='bbox 717 706 953 789; x_wconf 71' lang='lat' dir='ltr'>Polydamanta</span> <span class='ocrx_word' id='word_1_46' title='bbox 965 704 1076 770; x_wconf 83' lang='lat' dir='ltr'>vocari</span> <span class='ocrx_word' id='word_1_47' title='bbox 1092 704 1197 771; x_wconf 85' lang='lat' dir='ltr'>iubet</span> 
     </span>
     <span class='ocr_line' id='line_1_8' title="bbox 3 792 1199 879; baseline 0.005 -25"><span class='ocrx_word' id='word_1_48' title='bbox 3 796 6 801; x_wconf 87' lang='lat'>&#39;</span> <span class='ocrx_word' id='word_1_49' title='bbox 132 807 162 854; x_wconf 88' lang='lat'>11</span> <span class='ocrx_word' id='word_1_50' title='bbox 182 793 293 878; x_wconf 90' lang='lat' dir='ltr'>Longe</span> <span class='ocrx_word' id='word_1_51' title='bbox 313 797 556 879; x_wconf 86' lang='lat' dir='ltr'>acceptissimus</span> <span class='ocrx_word' id='word_1_52' title='bbox 575 795 780 858; x_wconf 82' lang='lat' dir='ltr'>Parmenioni</span> <span class='ocrx_word' id='word_1_53' title='bbox 803 799 883 878; x_wconf 90' lang='lat' dir='ltr'>erat,</span> <span class='ocrx_word' id='word_1_54' title='bbox 904 792 1072 877; x_wconf 84' lang='lat' dir='ltr'>proximus</span> <span class='ocrx_word' id='word_1_55' title='bbox 1096 792 1199 860; x_wconf 86' lang='lat' dir='ltr'>lateri</span> 
     </span>
    </p>
   </div>
   <div class='ocr_carea' id='block_1_3' title="bbox 183 880 1197 966">
    <p class='ocr_par' dir='ltr' id='par_1_4' title="bbox 183 880 1197 966">
     <span class='ocr_line' id='line_1_9' title="bbox 183 880 1197 966; baseline 0.002 -19"><span class='ocrx_word' id='word_1_56' title='bbox 183 883 218 947; x_wconf 92' lang='lat' dir='ltr'>in</span> <span class='ocrx_word' id='word_1_57' title='bbox 240 884 308 948; x_wconf 90' lang='lat' dir='ltr'>acie</span> <span class='ocrx_word' id='word_1_58' title='bbox 330 886 416 948; x_wconf 84' lang='lat' dir='ltr'>star&#39;e</span> <span class='ocrx_word' id='word_1_59' title='bbox 439 884 568 948; x_wconf 77' lang='lat' dir='ltr'>solitus:</span> <span class='ocrx_word' id='word_1_60' title='bbox 596 886 629 947; x_wconf 91' lang='lat' dir='ltr'>et</span> <span class='ocrx_word' id='word_1_61' title='bbox 651 903 846 966; x_wconf 88' lang='lat' dir='ltr'>quamquam</span> <span class='ocrx_word' id='word_1_62' title='bbox 869 880 1067 946; x_wconf 85' lang='lat' dir='ltr'>conscientia</span> <span class='ocrx_word' id='word_1_63' title='bbox 1088 880 1197 949; x_wconf 83' lang='lat' dir='ltr'>fretus</span> 
     </span>
    </p>
   </div>
   <div class='ocr_carea' id='block_1_4' title="bbox 2 950 1198 1056">
    <p class='ocr_par' dir='ltr' id='par_1_5' title="bbox 2 950 1198 1056">
     <span class='ocr_line' id='line_1_10' title="bbox 2 950 1198 1056; baseline 0.005 -26"><span class='ocrx_word' id='word_1_64' title='bbox 2 950 5 1047; x_wconf 73' lang='lat' dir='ltr'>l</span> <span class='ocrx_word' id='word_1_65' title='bbox 132 983 163 1031; x_wconf 80' lang='lat'>12</span> <span class='ocrx_word' id='word_1_66' title='bbox 183 972 219 1034; x_wconf 90' lang='lat' dir='ltr'>in</span> <span class='ocrx_word' id='word_1_67' title='bbox 245 972 369 1055; x_wconf 86' lang='lat' dir='ltr'>regiam</span> <span class='ocrx_word' id='word_1_68' title='bbox 396 975 536 1056; x_wconf 86' lang='lat' dir='ltr'>venerat,</span> <span class='ocrx_word' id='word_1_69' title='bbox 558 974 679 1055; x_wconf 87' lang='lat' dir='ltr'>tamen,</span> <span class='ocrx_word' id='word_1_70' title='bbox 708 975 746 1035; x_wconf 91' lang='lat' dir='ltr'>ut</span> <span class='ocrx_word' id='word_1_71' title='bbox 771 971 877 1034; x_wconf 87' lang='lat' dir='ltr'>iussus</span> <span class='ocrx_word' id='word_1_72' title='bbox 901 974 952 1034; x_wconf 83' lang='lat' dir='ltr'>est</span> <span class='ocrx_word' id='word_1_73' title='bbox 972 969 1092 1033; x_wconf 83' lang='lat' dir='ltr'>fratres</span> <span class='ocrx_word' id='word_1_74' title='bbox 1117 991 1198 1036; x_wconf 80' lang='lat' dir='ltr'>suos</span> 
     </span>
    </p>
   </div>
   <div class='ocr_carea' id='block_1_5' title="bbox 183 1057 1199 1318">
    <p class='ocr_par' dir='ltr' id='par_1_6' title="bbox 183 1057 1199 1318">
     <span class='ocr_line' id='line_1_11' title="bbox 184 1057 1198 1142; baseline 0 -20"><span class='ocrx_word' id='word_1_75' title='bbox 184 1059 333 1123; x_wconf 87' lang='lat' dir='ltr'>exhibere</span> <span class='ocrx_word' id='word_1_76' title='bbox 352 1059 522 1124; x_wconf 85' lang='lat' dir='ltr'>admodum</span> <span class='ocrx_word' id='word_1_77' title='bbox 541 1060 671 1124; x_wconf 84' lang='lat' dir='ltr'>iuvenes</span> <span class='ocrx_word' id='word_1_78' title='bbox 690 1064 724 1123; x_wconf 94' lang='lat' dir='ltr'>et</span> <span class='ocrx_word' id='word_1_79' title='bbox 741 1058 811 1142; x_wconf 84' lang='lat' dir='ltr'>regi</span> <span class='ocrx_word' id='word_1_80' title='bbox 829 1058 961 1142; x_wconf 81' lang='lat' dir='ltr'>ignotos</span> <span class='ocrx_word' id='word_1_81' title='bbox 980 1057 1022 1121; x_wconf 94' lang='lat' dir='ltr'>ob</span> <span class='ocrx_word' id='word_1_82' title='bbox 1041 1060 1198 1141; x_wconf 84' lang='lat' dir='ltr'>aetatem,</span> 
     </span>
     <span class='ocr_line' id='line_1_12' title="bbox 183 1144 1199 1228; baseline 0.002 -19"><span class='ocrx_word' id='word_1_83' title='bbox 183 1147 300 1210; x_wconf 89' lang='lat' dir='ltr'>fiducia</span> <span class='ocrx_word' id='word_1_84' title='bbox 326 1147 361 1211; x_wconf 91' lang='lat' dir='ltr'>in</span> <span class='ocrx_word' id='word_1_85' title='bbox 388 1147 637 1211; x_wconf 87' lang='lat' dir='ltr'>sollicitudinem</span> <span class='ocrx_word' id='word_1_86' title='bbox 664 1168 758 1211; x_wconf 85' lang='lat' dir='ltr'>versa</span> <span class='ocrx_word' id='word_1_87' title='bbox 783 1145 943 1228; x_wconf 88' lang='lat' dir='ltr'>trepidare</span> <span class='ocrx_word' id='word_1_88' title='bbox 971 1144 1094 1227; x_wconf 86' lang='lat' dir='ltr'>coepit,</span> <span class='ocrx_word' id='word_1_89' title='bbox 1127 1167 1199 1211; x_wconf 83' lang='lat' dir='ltr'>sac·</span> 
     </span>
     <span class='ocr_line' id='line_1_13' title="bbox 183 1232 1198 1318; baseline 0.004 -23"><span class='ocrx_word' id='word_1_90' title='bbox 183 1233 269 1315; x_wconf 89' lang='lat' dir='ltr'>pius,</span> <span class='ocrx_word' id='word_1_91' title='bbox 296 1255 377 1317; x_wconf 89' lang='lat' dir='ltr'>quae</span> <span class='ocrx_word' id='word_1_92' title='bbox 403 1255 518 1299; x_wconf 89' lang='lat' dir='ltr'>nocere</span> <span class='ocrx_word' id='word_1_93' title='bbox 545 1238 691 1317; x_wconf 86' lang='lat' dir='ltr'>possent,</span> <span class='ocrx_word' id='word_1_94' title='bbox 720 1255 816 1317; x_wconf 89' lang='lat' dir='ltr'>quam</span> <span class='ocrx_word' id='word_1_95' title='bbox 839 1233 955 1317; x_wconf 88' lang='lat' dir='ltr'>quibus</span> <span class='ocrx_word' id='word_1_96' title='bbox 978 1251 1014 1297; x_wconf 83' lang='lat' dir='ltr'>aa</span> <span class='ocrx_word' id='word_1_97' title='bbox 1039 1232 1198 1318; x_wconf 81' lang='lat' dir='ltr'>eluderet,</span> 
     </span>
    </p>
   </div>
   <div class='ocr_carea' id='block_1_6' title="bbox 133 1321 1198 1405">
    <p class='ocr_par' dir='ltr' id='par_1_7' title="bbox 1 1286 1198 1409">
     <span class='ocr_line' id='line_1_14' title="bbox 133 1321 1198 1405; baseline 0.006 -24.228"><span class='ocrx_word' id='word_1_98' title='bbox 133 1333 165 1381; x_wconf 84' lang='lat'>13</span> <span class='ocrx_word' id='word_1_99' title='bbox 183 1325 346 1402; x_wconf 88' lang='lat' dir='ltr'>reputans.</span> <span class='ocrx_word' id='word_1_100' title='bbox 390 1321 460 1386; x_wconf 89' lang='lat' dir='ltr'>Iam</span> <span class='ocrx_word' id='word_1_101' title='bbox 483 1322 646 1405; x_wconf 79' lang='lat' dir='ltr'>armigeri,</span> <span class='ocrx_word' id='word_1_102' title='bbox 669 1321 784 1405; x_wconf 81' lang='lat' dir='ltr'>quibus</span> <span class='ocrx_word' id='word_1_103' title='bbox 805 1322 1000 1404; x_wconf 87' lang='lat' dir='ltr'>imperatum</span> <span class='ocrx_word' id='word_1_104' title='bbox 1018 1322 1101 1405; x_wconf 88' lang='lat' dir='ltr'>erat,</span> <span class='ocrx_word' id='word_1_105' title='bbox 1122 1342 1198 1404; x_wconf 90' lang='lat' dir='ltr'>pro·</span> 
     </span>
    </p>
   </div>
   <div class='ocr_carea' id='block_1_7' title="bbox 184 1407 1197 1493">
    <p class='ocr_par' dir='ltr' id='par_1_8' title="bbox 184 1407 1197 1493">
     <span class='ocr_line' id='line_1_15' title="bbox 184 1407 1197 1493; baseline 0.005 -23"><span class='ocrx_word' id='word_1_106' title='bbox 184 1407 341 1472; x_wconf 88' lang='lat' dir='ltr'>duxerant</span> <span class='ocrx_word' id='word_1_107' title='bbox 363 1431 428 1493; x_wconf 89' lang='lat' dir='ltr'>eos,</span> <span class='ocrx_word' id='word_1_108' title='bbox 451 1432 523 1475; x_wconf 90' lang='lat' dir='ltr'>curn</span> <span class='ocrx_word' id='word_1_109' title='bbox 547 1430 724 1493; x_wconf 84' lang='lat' dir='ltr'>exanguem</span> <span class='ocrx_word' id='word_1_110' title='bbox 747 1413 836 1475; x_wconf 90' lang='lat' dir='ltr'>metu</span> <span class='ocrx_word' id='word_1_111' title='bbox 858 1408 1098 1491; x_wconf 84' lang='lat' dir='ltr'>Polydamanta</span> <span class='ocrx_word' id='word_1_112' title='bbox 1120 1430 1197 1492; x_wconf 89' lang='lat' dir='ltr'>pro·</span> 
     </span>
    </p>
   </div>
   <div class='ocr_carea' id='block_1_8' title="bbox 1 1494 1208 1586">
    <p class='ocr_par' dir='ltr' id='par_1_9' title="bbox 1 1494 1208 1586">
     <span class='ocr_line' id='line_1_16' title="bbox 1 1494 1208 1586; baseline 0.004 -30"><span class='ocrx_word' id='word_1_113' title='bbox 1 1525 10 1586; x_wconf 31' lang='grc' dir='ltr'>ζ,</span> <span class='ocrx_word' id='word_1_114' title='bbox 132 1509 165 1557; x_wconf 82' lang='grc'>14</span> <span class='ocrx_word' id='word_1_115' title='bbox 183 1496 255 1578; x_wconf 91' lang='lat' dir='ltr'>pins</span> <span class='ocrx_word' id='word_1_116' title='bbox 270 1497 419 1561; x_wconf 88' lang='lat' dir='ltr'>accedere</span> <span class='ocrx_word' id='word_1_117' title='bbox 432 1518 487 1562; x_wconf 79' lang='lat' dir='ltr'>rec</span> <span class='ocrx_word' id='word_1_118' title='bbox 500 1498 591 1562; x_wconf 87' lang='lat' dir='ltr'>iubet</span> <span class='ocrx_word' id='word_1_119' title='bbox 604 1498 837 1581; x_wconf 87' lang='lat' dir='ltr'>summotisque</span> <span class='ocrx_word' id='word_1_120' title='bbox 854 1498 1013 1574; x_wconf 86' lang='lat' dir='ltr'>omnibus,</span> <span class='ocrx_word' id='word_1_121' title='bbox 1032 1494 1208 1582; x_wconf 62' lang='lat' dir='ltr'>‘Scelere’-</span> 
     </span>
    </p>
   </div>
   <div class='ocr_carea' id='block_1_9' title="bbox 129 1583 1221 3605">
    <p class='ocr_par' dir='ltr' id='par_1_10' title="bbox 129 1583 1221 3605">
     <span class='ocr_line' id='line_1_17' title="bbox 183 1583 1197 1668; baseline 0.005 -22"><span class='ocrx_word' id='word_1_122' title='bbox 183 1583 303 1668; x_wconf 88' lang='lat' dir='ltr'>inquit,</span> <span class='ocrx_word' id='word_1_123' title='bbox 335 1584 574 1651; x_wconf 75' lang='lat' dir='ltr'>‘Parmenionis</span> <span class='ocrx_word' id='word_1_124' title='bbox 607 1606 717 1650; x_wconf 88' lang='lat' dir='ltr'>ornnes</span> <span class='ocrx_word' id='word_1_125' title='bbox 749 1585 872 1668; x_wconf 90' lang='lat' dir='ltr'>pariter</span> <span class='ocrx_word' id='word_1_126' title='bbox 903 1584 1040 1667; x_wconf 88' lang='lat' dir='ltr'>adpetiti</span> <span class='ocrx_word' id='word_1_127' title='bbox 1071 1606 1197 1667; x_wconf 77' lang='lat' dir='ltr'>sumus,</span> 
     </span>
     <span class='ocr_line' id='line_1_18' title="bbox 184 1671 1197 1758; baseline 0.006 -25"><span class='ocrx_word' id='word_1_128' title='bbox 184 1673 322 1736; x_wconf 86' lang='lat' dir='ltr'>maxime</span> <span class='ocrx_word' id='word_1_129' title='bbox 346 1694 406 1757; x_wconf 88' lang='lat' dir='ltr'>ego</span> <span class='ocrx_word' id='word_1_130' title='bbox 429 1695 467 1738; x_wconf 91' lang='lat' dir='ltr'>ac</span> <span class='ocrx_word' id='word_1_131' title='bbox 490 1678 534 1757; x_wconf 90' lang='lat' dir='ltr'>tu,</span> <span class='ocrx_word' id='word_1_132' title='bbox 557 1695 636 1758; x_wconf 90' lang='lat' dir='ltr'>quos</span> <span class='ocrx_word' id='word_1_133' title='bbox 660 1673 822 1737; x_wconf 86' lang='lat' dir='ltr'>amicitiae</span> <span class='ocrx_word' id='word_1_134' title='bbox 840 1673 947 1754; x_wconf 86' lang='lat' dir='ltr'>specie</span> <span class='ocrx_word' id='word_1_135' title='bbox 969 1671 1098 1737; x_wconf 85' lang='lat' dir='ltr'>fefellit.</span> <span class='ocrx_word' id='word_1_136' title='bbox 1141 1672 1197 1739; x_wconf 81' lang='lat' dir='ltr'>Ad</span> 
     </span>
     <span class='ocr_line' id='line_1_19' title="bbox 184 1759 1196 1846; baseline 0.003 -24"><span class='ocrx_word' id='word_1_137' title='bbox 184 1781 279 1842; x_wconf 90' lang='lat' dir='ltr'>quem</span> <span class='ocrx_word' id='word_1_138' title='bbox 300 1761 556 1846; x_wconf 88' lang='lat' dir='ltr'>persequendum</span> <span class='ocrx_word' id='word_1_139' title='bbox 577 1760 836 1846; x_wconf 89' lang='lat' dir='ltr'>puniendumque</span> <span class='ocrx_word' id='word_1_140' title='bbox 858 1796 901 1806; x_wconf 98' lang='lat'><em>-</em></span> <span class='ocrx_word' id='word_1_141' title='bbox 924 1759 1011 1843; x_wconf 86' lang='lat' dir='ltr'>vide,</span> <span class='ocrx_word' id='word_1_142' title='bbox 1035 1764 1196 1843; x_wconf 90' lang='lat' dir='ltr'>quantum</span> 
     </span>
     <span class='ocr_line' id='line_1_20' title="bbox 132 1847 1197 1934; baseline 0.008 -27"><span class='ocrx_word' id='word_1_143' title='bbox 132 1860 164 1908; x_wconf 78' lang='lat'>16</span> <span class='ocrx_word' id='word_1_144' title='bbox 183 1847 258 1913; x_wconf 90' lang='lat' dir='ltr'>fidei</span> <span class='ocrx_word' id='word_1_145' title='bbox 275 1853 350 1914; x_wconf 88' lang='lat' dir='ltr'>tuae</span> <span class='ocrx_word' id='word_1_146' title='bbox 369 1851 505 1932; x_wconf 88' lang='lat' dir='ltr'>credam,</span> <span class='ocrx_word' id='word_1_147' title='bbox 531 1885 568 1897; x_wconf 87' lang='lat'><em>-</em></span> <span class='ocrx_word' id='word_1_148' title='bbox 593 1853 626 1913; x_wconf 86' lang='lat' dir='ltr'>te</span> <span class='ocrx_word' id='word_1_149' title='bbox 649 1850 798 1913; x_wconf 90' lang='lat' dir='ltr'>ministro</span> <span class='ocrx_word' id='word_1_150' title='bbox 821 1849 869 1913; x_wconf 90' lang='lat' dir='ltr'>uti</span> <span class='ocrx_word' id='word_1_151' title='bbox 893 1849 1000 1913; x_wconf 85' lang='lat' dir='ltr'>statui.</span> <span class='ocrx_word' id='word_1_152' title='bbox 1045 1847 1197 1934; x_wconf 80' lang='lat' dir='ltr'>Obsides,</span> 
     </span>
     <span class='ocr_line' id='line_1_21' title="bbox 184 1935 1197 2022; baseline 0.001 -22"><span class='ocrx_word' id='word_1_153' title='bbox 184 1936 260 2002; x_wconf 92' lang='lat' dir='ltr'>dum</span> <span class='ocrx_word' id='word_1_154' title='bbox 291 1938 354 2002; x_wconf 92' lang='lat' dir='ltr'>hoc</span> <span class='ocrx_word' id='word_1_155' title='bbox 385 1939 527 2022; x_wconf 82' lang='lat' dir='ltr'>peragis,</span> <span class='ocrx_word' id='word_1_156' title='bbox 559 1940 652 2002; x_wconf 89' lang='lat' dir='ltr'>erunt</span> <span class='ocrx_word' id='word_1_157' title='bbox 681 1938 799 2001; x_wconf 84' lang='lat' dir='ltr'>fratres</span> <span class='ocrx_word' id='word_1_158' title='bbox 827 1937 883 2001; x_wconf 90' lang='lat' dir='ltr'>tui.</span> <span class='ocrx_word' id='word_1_159' title='bbox 928 1935 1137 2001; x_wconf 88' lang='lat' dir='ltr'>Proficiscere</span> <span class='ocrx_word' id='word_1_160' title='bbox 1161 1937 1197 2001; x_wconf 93' lang='lat' dir='ltr'>in</span> 
     </span>
     <span class='ocr_line' id='line_1_22' title="bbox 183 2023 1197 2107; baseline 0.001 -18"><span class='ocrx_word' id='word_1_161' title='bbox 183 2026 323 2090; x_wconf 84' lang='lat' dir='ltr'>Mediam</span> <span class='ocrx_word' id='word_1_162' title='bbox 351 2028 384 2090; x_wconf 85' lang='lat' dir='ltr'>ct</span> <span class='ocrx_word' id='word_1_163' title='bbox 407 2026 446 2090; x_wconf 92' lang='lat' dir='ltr'>ad</span> <span class='ocrx_word' id='word_1_164' title='bbox 469 2026 649 2107; x_wconf 85' lang='lat' dir='ltr'>praefectos</span> <span class='ocrx_word' id='word_1_165' title='bbox 671 2047 759 2089; x_wconf 90' lang='lat' dir='ltr'>meos</span> <span class='ocrx_word' id='word_1_166' title='bbox 783 2025 910 2089; x_wconf 86' lang='lat' dir='ltr'>litteras</span> <span class='ocrx_word' id='word_1_167' title='bbox 934 2023 1071 2106; x_wconf 82' lang='lat' dir='ltr'>scriptae</span> <span class='ocrx_word' id='word_1_168' title='bbox 1096 2045 1197 2090; x_wconf 83' lang='lat' dir='ltr'>manu</span> 
     </span>
     <span class='ocr_line' id='line_1_23' title="bbox 183 2111 1198 2195; baseline 0.003 -19"><span class='ocrx_word' id='word_1_169' title='bbox 183 2135 256 2177; x_wconf 89' lang='lat' dir='ltr'>mea</span> <span class='ocrx_word' id='word_1_170' title='bbox 269 2113 384 2195; x_wconf 83' lang='lat' dir='ltr'>perfer.</span> <span class='ocrx_word' id='word_1_171' title='bbox 420 2113 603 2177; x_wconf 79' lang='lat' dir='ltr'>Velocitate</span> <span class='ocrx_word' id='word_1_172' title='bbox 617 2134 697 2195; x_wconf 91' lang='lat' dir='ltr'>opus</span> <span class='ocrx_word' id='word_1_173' title='bbox 712 2117 770 2192; x_wconf 89' lang='lat' dir='ltr'>est,</span> <span class='ocrx_word' id='word_1_174' title='bbox 789 2134 852 2195; x_wconf 88' lang='lat' dir='ltr'>qua</span> <span class='ocrx_word' id='word_1_175' title='bbox 872 2111 1071 2176; x_wconf 87' lang='lat' dir='ltr'>celeritatem</span> <span class='ocrx_word' id='word_1_176' title='bbox 1087 2112 1198 2192; x_wconf 76' lang='lat' dir='ltr'>fernae</span> 
     </span>
     <span class='ocr_line' id='line_1_24' title="bbox 184 2192 1197 2285; baseline 0.002 -21"><span class='ocrx_word' id='word_1_177' title='bbox 184 2199 361 2264; x_wconf 89' lang='lat' dir='ltr'>antecedas.</span> <span class='ocrx_word' id='word_1_178' title='bbox 405 2199 515 2264; x_wconf 88' lang='lat' dir='ltr'>Noctu</span> <span class='ocrx_word' id='word_1_179' title='bbox 537 2201 703 2282; x_wconf 88' lang='lat' dir='ltr'>pervenire</span> <span class='ocrx_word' id='word_1_180' title='bbox 725 2199 802 2263; x_wconf 86' lang='lat' dir='ltr'>illuc</span> <span class='ocrx_word' id='word_1_181' title='bbox 824 2203 857 2262; x_wconf 89' lang='lat' dir='ltr'>tc</span> <span class='ocrx_word' id='word_1_182' title='bbox 876 2200 959 2281; x_wconf 82' lang='lat' dir='ltr'>volo,</span> <span class='ocrx_word' id='word_1_183' title='bbox 981 2192 1116 2282; x_wconf 84' lang='lat' dir='ltr'>postero</span> <span class='ocrx_word' id='word_1_184' title='bbox 1134 2200 1197 2285; x_wconf 87' lang='lat' dir='ltr'>die,</span> 
     </span>
     <span class='ocr_line' id='line_1_25' title="bbox 132 2286 1197 2373; baseline 0.007 -24"><span class='ocrx_word' id='word_1_185' title='bbox 132 2299 265 2371; x_wconf 75' lang='lat' dir='ltr'>requae</span> <span class='ocrx_word' id='word_1_186' title='bbox 294 2288 416 2370; x_wconf 85' lang='lat' dir='ltr'>scripta</span> <span class='ocrx_word' id='word_1_187' title='bbox 444 2291 550 2370; x_wconf 87' lang='lat' dir='ltr'>erunt,</span> <span class='ocrx_word' id='word_1_188' title='bbox 578 2288 701 2370; x_wconf 87' lang='lat' dir='ltr'>exequi.</span> <span class='ocrx_word' id='word_1_189' title='bbox 745 2287 797 2350; x_wconf 88' lang='lat' dir='ltr'>Ad</span> <span class='ocrx_word' id='word_1_190' title='bbox 819 2286 1037 2352; x_wconf 88' lang='lat' dir='ltr'>Parmeniona</span> <span class='ocrx_word' id='word_1_191' title='bbox 1064 2308 1197 2373; x_wconf 88' lang='lat' dir='ltr'>quoque</span> 
     </span>
     <span class='ocr_line' id='line_1_26' title="bbox 184 2374 1197 2459; baseline 0.004 -19"><span class='ocrx_word' id='word_1_192' title='bbox 184 2376 338 2458; x_wconf 88' lang='lat' dir='ltr'>epistolas</span> <span class='ocrx_word' id='word_1_193' title='bbox 360 2376 458 2459; x_wconf 89' lang='lat' dir='ltr'>feres,</span> <span class='ocrx_word' id='word_1_194' title='bbox 479 2396 577 2440; x_wconf 89' lang='lat' dir='ltr'>unam</span> <span class='ocrx_word' id='word_1_195' title='bbox 601 2397 620 2438; x_wconf 91' lang='lat' dir='ltr'>a</span> <span class='ocrx_word' id='word_1_196' title='bbox 642 2397 706 2458; x_wconf 91' lang='lat' dir='ltr'>me,</span> <span class='ocrx_word' id='word_1_197' title='bbox 730 2375 867 2439; x_wconf 87' lang='lat' dir='ltr'>alteram</span> <span class='ocrx_word' id='word_1_198' title='bbox 891 2374 1038 2440; x_wconf 90' lang='lat' dir='ltr'>Philotae</span> <span class='ocrx_word' id='word_1_199' title='bbox 1061 2378 1197 2443; x_wconf 91' lang='lat' dir='ltr'>nomine</span> 
     </span>
     <span class='ocr_line' id='line_1_27' title="bbox 184 2462 1199 2549; baseline 0.001 -21"><span class='ocrx_word' id='word_1_200' title='bbox 184 2465 345 2547; x_wconf 85' lang='lat' dir='ltr'>scriptam.</span> <span class='ocrx_word' id='word_1_201' title='bbox 386 2462 520 2549; x_wconf 81' lang='lat' dir='ltr'>Signum</span> <span class='ocrx_word' id='word_1_202' title='bbox 540 2463 628 2528; x_wconf 89' lang='lat' dir='ltr'>anuli</span> <span class='ocrx_word' id='word_1_203' title='bbox 647 2464 715 2527; x_wconf 89' lang='lat' dir='ltr'>eius</span> <span class='ocrx_word' id='word_1_204' title='bbox 734 2463 769 2525; x_wconf 90' lang='lat' dir='ltr'>in</span> <span class='ocrx_word' id='word_1_205' title='bbox 786 2484 859 2527; x_wconf 90' lang='lat' dir='ltr'>mea</span> <span class='ocrx_word' id='word_1_206' title='bbox 876 2465 1039 2546; x_wconf 85' lang='lat' dir='ltr'>potestate</span> <span class='ocrx_word' id='word_1_207' title='bbox 1058 2467 1119 2529; x_wconf 81' lang='lat' dir='ltr'>est</span> <span class='ocrx_word' id='word_1_208' title='bbox 1160 2463 1199 2531; x_wconf 79' lang='lat' dir='ltr'>si</span> 
     </span>
     <span class='ocr_line' id='line_1_28' title="bbox 183 2550 1199 2636; baseline 0.002 -19"><span class='ocrx_word' id='word_1_209' title='bbox 183 2558 275 2636; x_wconf 88' lang='lat' dir='ltr'>pater</span> <span class='ocrx_word' id='word_1_210' title='bbox 303 2553 409 2619; x_wconf 89' lang='lat' dir='ltr'>credet</span> <span class='ocrx_word' id='word_1_211' title='bbox 437 2575 456 2617; x_wconf 88' lang='lat' dir='ltr'>a</span> <span class='ocrx_word' id='word_1_212' title='bbox 478 2553 546 2617; x_wconf 89' lang='lat' dir='ltr'>filio</span> <span class='ocrx_word' id='word_1_213' title='bbox 569 2553 764 2635; x_wconf 87' lang='lat' dir='ltr'>inpressum,</span> <span class='ocrx_word' id='word_1_214' title='bbox 792 2572 864 2615; x_wconf 90' lang='lat' dir='ltr'>cum</span> <span class='ocrx_word' id='word_1_215' title='bbox 891 2554 925 2615; x_wconf 91' lang='lat' dir='ltr'>te</span> <span class='ocrx_word' id='word_1_216' title='bbox 952 2550 1083 2634; x_wconf 85' lang='lat' dir='ltr'>viderit,</span> <span class='ocrx_word' id='word_1_217' title='bbox 1110 2552 1199 2619; x_wconf 88' lang='lat' dir='ltr'>nihil</span> 
     </span>
     <span class='ocr_line' id='line_1_29' title="bbox 132 2639 1221 2724; baseline 0 -23"><span class='ocrx_word' id='word_1_218' title='bbox 132 2650 163 2700; x_wconf 78' lang='lat'>17</span> <span class='ocrx_word' id='word_1_219' title='bbox 183 2641 327 2706; x_wconf 86' lang='lat' dir='ltr'>metnet&#39;.</span> <span class='ocrx_word' id='word_1_220' title='bbox 375 2640 569 2724; x_wconf 84' lang='lat' dir='ltr'>Polydamas</span> <span class='ocrx_word' id='word_1_221' title='bbox 602 2644 692 2704; x_wconf 90' lang='lat' dir='ltr'>tanto</span> <span class='ocrx_word' id='word_1_222' title='bbox 724 2640 880 2703; x_wconf 87' lang='lat' dir='ltr'>liberatus</span> <span class='ocrx_word' id='word_1_223' title='bbox 911 2642 1000 2703; x_wconf 91' lang='lat' dir='ltr'>metu</span> <span class='ocrx_word' id='word_1_224' title='bbox 1027 2639 1221 2722; x_wconf 78' lang='lat' dir='ltr'>inpensius.</span> 
     </span>
     <span class='ocr_line' id='line_1_30' title="bbox 184 2726 1198 2812; baseline 0.003 -20"><span class='ocrx_word' id='word_1_225' title='bbox 184 2730 292 2812; x_wconf 83' lang='lat' dir='ltr'>etiam,</span> <span class='ocrx_word' id='word_1_226' title='bbox 312 2751 408 2812; x_wconf 90' lang='lat' dir='ltr'>quam</span> <span class='ocrx_word' id='word_1_227' title='bbox 427 2729 626 2812; x_wconf 88' lang='lat' dir='ltr'>exigebatur,</span> <span class='ocrx_word' id='word_1_228' title='bbox 643 2727 807 2811; x_wconf 90' lang='lat' dir='ltr'>promittit</span> <span class='ocrx_word' id='word_1_229' title='bbox 821 2748 951 2809; x_wconf 89' lang='lat' dir='ltr'>operam</span> <span class='ocrx_word' id='word_1_230' title='bbox 967 2726 1198 2795; x_wconf 78' lang='lat' dir='ltr'>conlaudatus·</span> 
     </span>
     <span class='ocr_line' id='line_1_31' title="bbox 184 2814 1199 2899; baseline 0.004 -21"><span class='ocrx_word' id='word_1_231' title='bbox 184 2837 245 2899; x_wconf 90' lang='lat' dir='ltr'>que</span> <span class='ocrx_word' id='word_1_232' title='bbox 269 2820 303 2879; x_wconf 88' lang='lat' dir='ltr'>et</span> <span class='ocrx_word' id='word_1_233' title='bbox 323 2816 492 2898; x_wconf 90' lang='lat' dir='ltr'>promissis</span> <span class='ocrx_word' id='word_1_234' title='bbox 516 2820 666 2880; x_wconf 90' lang='lat' dir='ltr'>oneratus</span> <span class='ocrx_word' id='word_1_235' title='bbox 691 2815 838 2897; x_wconf 88' lang='lat' dir='ltr'>deposita</span> <span class='ocrx_word' id='word_1_236' title='bbox 859 2817 957 2898; x_wconf 85' lang='lat' dir='ltr'>veste,</span> <span class='ocrx_word' id='word_1_237' title='bbox 981 2835 1079 2898; x_wconf 87' lang='lat' dir='ltr'>quam</span> <span class='ocrx_word' id='word_1_238' title='bbox 1097 2814 1199 2883; x_wconf 82' lang='lat' dir='ltr'>habe·</span> 
     </span>
     <span class='ocr_line' id='line_1_32' title="bbox 133 2901 1198 2986; baseline 0.009 -25"><span class='ocrx_word' id='word_1_239' title='bbox 133 2915 164 2962; x_wconf 86' lang='lat'>18</span> <span class='ocrx_word' id='word_1_240' title='bbox 183 2903 249 2985; x_wconf 89' lang='lat' dir='ltr'>bat,</span> <span class='ocrx_word' id='word_1_241' title='bbox 271 2901 412 2967; x_wconf 82' lang='lat' dir='ltr'>Arabica</span> <span class='ocrx_word' id='word_1_242' title='bbox 437 2902 587 2966; x_wconf 89' lang='lat' dir='ltr'>induitur.</span> <span class='ocrx_word' id='word_1_243' title='bbox 631 2902 704 2967; x_wconf 94' lang='lat' dir='ltr'>Duo</span> <span class='ocrx_word' id='word_1_244' title='bbox 727 2903 867 2986; x_wconf 89' lang='lat' dir='ltr'>Arabes,</span> <span class='ocrx_word' id='word_1_245' title='bbox 895 2924 1031 2986; x_wconf 88' lang='lat' dir='ltr'>quorum</span> <span class='ocrx_word' id='word_1_246' title='bbox 1058 2903 1198 2971; x_wconf 85' lang='lat' dir='ltr'>interim</span> 
     </span>
     <span class='ocr_line' id='line_1_33' title="bbox 184 2990 1198 3078; baseline 0.005 -24"><span class='ocrx_word' id='word_1_247' title='bbox 184 2992 335 3073; x_wconf 88' lang='lat' dir='ltr'>coniuges</span> <span class='ocrx_word' id='word_1_248' title='bbox 359 3011 396 3054; x_wconf 90' lang='lat' dir='ltr'>ac</span> <span class='ocrx_word' id='word_1_249' title='bbox 418 2990 513 3054; x_wconf 90' lang='lat' dir='ltr'>liberi</span> <span class='ocrx_word' id='word_1_250' title='bbox 540 2990 701 3055; x_wconf 84' lang='lat' dir='ltr'>vinculum</span> <span class='ocrx_word' id='word_1_251' title='bbox 724 2990 798 3053; x_wconf 89' lang='lat' dir='ltr'>fidei</span> <span class='ocrx_word' id='word_1_252' title='bbox 821 2990 950 3061; x_wconf 84' lang='lat' dir='ltr'>obsides</span> <span class='ocrx_word' id='word_1_253' title='bbox 973 2991 1059 3074; x_wconf 89' lang='lat' dir='ltr'>apud</span> <span class='ocrx_word' id='word_1_254' title='bbox 1081 3012 1198 3078; x_wconf 84' lang='lat' dir='ltr'>regem</span> 
     </span>
     <span class='ocr_line' id='line_1_34' title="bbox 183 3077 1199 3162; baseline 0.005 -20"><span class='ocrx_word' id='word_1_255' title='bbox 183 3083 287 3162; x_wconf 88' lang='lat' dir='ltr'>erant,</span> <span class='ocrx_word' id='word_1_256' title='bbox 312 3079 378 3142; x_wconf 88' lang='lat' dir='ltr'>dati</span> <span class='ocrx_word' id='word_1_257' title='bbox 402 3079 546 3142; x_wconf 88' lang='lat' dir='ltr'>comites.</span> <span class='ocrx_word' id='word_1_258' title='bbox 590 3078 652 3142; x_wconf 89' lang='lat' dir='ltr'>Per</span> <span class='ocrx_word' id='word_1_259' title='bbox 675 3077 802 3141; x_wconf 88' lang='lat' dir='ltr'>deserta</span> <span class='ocrx_word' id='word_1_260' title='bbox 825 3078 924 3142; x_wconf 91' lang='lat' dir='ltr'>etiam</span> <span class='ocrx_word' id='word_1_261' title='bbox 946 3078 989 3142; x_wconf 94' lang='lat' dir='ltr'>ob</span> <span class='ocrx_word' id='word_1_262' title='bbox 1013 3079 1199 3147; x_wconf 85' lang='lat' dir='ltr'>siccitatem</span> 
     </span>
     <span class='ocr_line' id='line_1_35' title="bbox 182 3165 1199 3252; baseline 0.004 -21"><span class='ocrx_word' id='word_1_263' title='bbox 182 3168 255 3232; x_wconf 90' lang='lat' dir='ltr'>loca</span> <span class='ocrx_word' id='word_1_264' title='bbox 287 3166 417 3231; x_wconf 90' lang='lat' dir='ltr'>camelis</span> <span class='ocrx_word' id='word_1_265' title='bbox 447 3166 614 3231; x_wconf 88' lang='lat' dir='ltr'>undecimo</span> <span class='ocrx_word' id='word_1_266' title='bbox 642 3166 708 3248; x_wconf 90' lang='lat' dir='ltr'>die,</span> <span class='ocrx_word' id='word_1_267' title='bbox 741 3186 804 3247; x_wconf 93' lang='lat' dir='ltr'>quo</span> <span class='ocrx_word' id='word_1_268' title='bbox 836 3165 1091 3251; x_wconf 87' lang='lat' dir='ltr'>destinaverant,</span> <span class='ocrx_word' id='word_1_269' title='bbox 1124 3190 1199 3252; x_wconf 84' lang='lat' dir='ltr'>per·</span> 
     </span>
     <span class='ocr_line' id='line_1_36' title="bbox 132 3253 1200 3343; baseline 0.008 -28"><span class='ocrx_word' id='word_1_270' title='bbox 132 3267 163 3315; x_wconf 79' lang='lat' dir='ltr'>re</span> <span class='ocrx_word' id='word_1_271' title='bbox 182 3256 323 3321; x_wconf 86' lang='lat' dir='ltr'>veniunt.</span> <span class='ocrx_word' id='word_1_272' title='bbox 368 3253 414 3317; x_wconf 84' lang='lat' dir='ltr'>Et</span> <span class='ocrx_word' id='word_1_273' title='bbox 444 3256 632 3337; x_wconf 87' lang='lat' dir='ltr'>priusquam</span> <span class='ocrx_word' id='word_1_274' title='bbox 663 3253 765 3335; x_wconf 89' lang='lat' dir='ltr'>ipsius</span> <span class='ocrx_word' id='word_1_275' title='bbox 797 3253 1000 3317; x_wconf 88' lang='lat' dir='ltr'>nuntiaretur</span> <span class='ocrx_word' id='word_1_276' title='bbox 1027 3254 1200 3343; x_wconf 78' lang='lat' dir='ltr'>adventus,</span> 
     </span>
     <span class='ocr_line' id='line_1_37' title="bbox 182 3340 1201 3425; baseline 0.002 -16"><span class='ocrx_word' id='word_1_277' title='bbox 182 3366 293 3409; x_wconf 88' lang='lat' dir='ltr'>rursus</span> <span class='ocrx_word' id='word_1_278' title='bbox 320 3342 517 3425; x_wconf 82' lang='lat' dir='ltr'>Polydamas</span> <span class='ocrx_word' id='word_1_279' title='bbox 548 3346 671 3406; x_wconf 85' lang='lat' dir='ltr'>restem</span> <span class='ocrx_word' id='word_1_280' title='bbox 698 3340 938 3405; x_wconf 89' lang='lat' dir='ltr'>Macedonicam</span> <span class='ocrx_word' id='word_1_281' title='bbox 971 3342 1072 3408; x_wconf 89' lang='lat' dir='ltr'>sumit</span> <span class='ocrx_word' id='word_1_282' title='bbox 1099 3348 1137 3411; x_wconf 83' lang='lat' dir='ltr'>et</span> <span class='ocrx_word' id='word_1_283' title='bbox 1163 3346 1201 3411; x_wconf 86' lang='lat' dir='ltr'>in</span> 
     </span>
     <span class='ocr_line' id='line_1_38' title="bbox 181 3427 1202 3513; baseline 0.002 -17"><span class='ocrx_word' id='word_1_284' title='bbox 181 3431 426 3498; x_wconf 91' lang='lat' dir='ltr'>tabernaculum</span> <span class='ocrx_word' id='word_1_285' title='bbox 454 3428 605 3494; x_wconf 79' lang='lat' dir='ltr'>Cleandri</span> <span class='ocrx_word' id='word_1_286' title='bbox 631 3466 667 3476; x_wconf 93' lang='lat'><em>-</em></span> <span class='ocrx_word' id='word_1_287' title='bbox 694 3431 826 3512; x_wconf 91' lang='lat' dir='ltr'>praetor</span> <span class='ocrx_word' id='word_1_288' title='bbox 848 3427 902 3493; x_wconf 89' lang='lat' dir='ltr'>hic</span> <span class='ocrx_word' id='word_1_289' title='bbox 924 3430 1034 3513; x_wconf 86' lang='lat' dir='ltr'>regius</span> <span class='ocrx_word' id='word_1_290' title='bbox 1057 3436 1132 3499; x_wconf 81' lang='lat' dir='ltr'>erat</span> <span class='ocrx_word' id='word_1_291' title='bbox 1153 3468 1202 3483; x_wconf 89' lang='lat'><em>-</em></span> 
     </span>
     <span class='ocr_line' id='line_1_39' title="bbox 129 3515 1202 3605; baseline 0.002 -24"><span class='ocrx_word' id='word_1_292' title='bbox 129 3531 164 3581; x_wconf 78' lang='lat'>20</span> <span class='ocrx_word' id='word_1_293' title='bbox 183 3527 297 3605; x_wconf 89' lang='lat' dir='ltr'>quarta</span> <span class='ocrx_word' id='word_1_294' title='bbox 320 3519 435 3604; x_wconf 86' lang='lat' dir='ltr'>vigilia</span> <span class='ocrx_word' id='word_1_295' title='bbox 457 3519 611 3604; x_wconf 83' lang='lat' dir='ltr'>pervenit.</span> <span class='ocrx_word' id='word_1_296' title='bbox 656 3516 803 3583; x_wconf 86' lang='lat' dir='ltr'>Redditis</span> <span class='ocrx_word' id='word_1_297' title='bbox 830 3515 946 3581; x_wconf 89' lang='lat' dir='ltr'>deinde</span> <span class='ocrx_word' id='word_1_298' title='bbox 974 3518 1095 3584; x_wconf 89' lang='lat' dir='ltr'>litteris</span> <span class='ocrx_word' id='word_1_299' title='bbox 1123 3542 1202 3589; x_wconf 83' lang='lat' dir='ltr'>oon·</span> 
     </span>
    </p>
   </div>
   <div class='ocr_carea' id='block_1_10' title="bbox 0 0 1227 3908">
    <p class='ocr_par' dir='ltr' id='par_1_11' title="bbox 0 0 1227 3908">
     <span class='ocr_line' id='line_1_40' title="bbox 0 0 1227 3908; baseline 0 0"><span class='ocrx_word' id='word_1_300' title='bbox 0 0 1227 3908; x_wconf 95' lang='lat' dir='ltr'> </span> 
     </span>
    </p>
   </div>
  </div>
 </body>
</html>
