2444 3908
132 204 172 267 10
442 268 445 272 ⁴
475 237 481 245 .
504 201 665 280 conari
682 204 769 276 aun

129 346 275 430 deposita
296 346 332 409 in
355 349 527 429 conspectu
550 346 750 429 agminis-
774 346 922 412 decorum
943 367 1068 431 quoque
1091 344 1144 410 fu·

128 439 247 500 turum·
260 436 362 517 ratus,
386 434 413 497 si
436 434 630 498 ostendisset
653 435 728 517 suis,
750 436 816 499 levi¹
836 439 869 498 et
890 435 1028 517 parabili
1052 434 1144 498 cultu

101 582 103 586 .
130 517 271 605 corporis
305 542 338 584 se
366 542 435 586 esse
468 524 655 585 contentum
686 557 731 568 —
760 523 924 587 descendit
949 523 985 585 in
1012 521 1145 586 flumen.

94 610 255 693 eVixque
277 610 415 694 ingressi
439 610 544 673 subito
567 609 700 672 horrore
723 613 811 674 artus
834 611 940 695 rigere
959 613 1146 693 coeperunt,

70 719 72 723 ·
130 699 239 782 pallor*
256 698 369 761 deinde
388 697 526 761 suffusus
545 700 595 760 est
613 699 645 759 et
658 700 764 761 totum
777 698 1009 782 propemodum
1023 717 1144 780 corpus

94 788 177 853 orit
163 787 236 850 talis
264 787 350 849 calor
376 785 478 868 liquit.
522 782 692 867 Expiranti
721 785 857 849 similem
880 785 1020 849 ministri
1042 790 1167 849 manu'

131 875 293 957 excipiunt
314 894 373 937 nec
397 873 476 936 satis
497 876 678 954 compotem
701 874 850 937 mentis
840 896 876 936 m
897 873 1146 937 tabernaculum

78 962 286 1026 deferunt.
330 960 448 1043 Ingens
482 960 662 1024 sollicitudo
693 963 725 1023 et
751 983 852 1044 paene
880 961 945 1024 iam
971 961 1118 1025 luctus
1107 983 1146 1024 1n

95 1051 243 1137 ecastris
275 1052 352 1111 erat.
330 1047 534 1112 tFlentes
566 1047 794 1133 querebantur,
825 1049 860 1112 in
892 1052 984 1113 tanto
1017 1048 1144 1131 impetu

109 1131 288 1219 =bursuque
307 1156 413 1198 rerum
433 1136 536 1198 omnis
556 1138 628 1198 aeta
629 1136 670 1198 tis
691 1157 728 1200 ao
741 1137 913 1201 memoriae
929 1135 1145 1201 clarissimum

130 1245 237 1308 regem
259 1244 327 1286 non
349 1223 383 1286 in
406 1223 472 1286 acie
495 1223 617 1305 saltem,
639 1243 705 1286 non
728 1224 767 1287 ab
786 1224 862 1288 host
848 1226 879 1288 te
897 1224 998 1288 deiect
984 1228 1062 1307 turn,
1085 1225 1145 1288 sed

106 1312 318 1376 abluentem
354 1331 437 1393 aqua
469 1331 583 1393 corpus
616 1314 759 1393 ereptum
791 1332 861 1376 esse
893 1314 926 1374 et
951 1311 1145 1382 extinctum.

95 1399 261 1469 olnstare
277 1396 431 1481 Dareum,
463 1398 697 1480 victorem,an
698 1402 828 1481 tequam
850 1398 984 1463 vidisset
1006 1399 1146 1484 hostem.

132 1485 200 1550 Sibi
228 1485 354 1549 easdem
377 1488 492 1566 terras,
525 1506 604 1569 quas
626 1485 761 1549 victoria
783 1489 1020 1568 peragrassent,
1051 1507 1141 1569 repe·

131 1574 259 1639 tendas:
297 1573 404 1636 omnia
435 1572 531 1635 aut
522 1594 610 1654 ipsos
642 1575 698 1634 ant
728 1572 838 1637 hostes
866 1573 1052 1673 populatos:
1084 1595 1146 1661 per
1177 1622 1187 1637 .

131 1666 239 1726 vastas
268 1661 343 1724 solit
329 1659 469 1742 tudines,
502 1659 627 1722 etiamsi
654 1681 748 1723 nemo
770 1659 896 1742 insequi
919 1660 1005 1743 velit,
1028 1659 1145 1726 euntes

94 1765 110 1812 1
131 1749 215 1812 fame
238 1748 364 1831 atque
354 1747 463 1829 inopia
486 1746 637 1811 debellari
659 1768 762 1829 posse.
808 1747 911 1824 Quem
934 1748 1063 1832 signum
1086 1747 1144 1812 da·

130 1840 238 1900 turum
264 1836 392 1920 fugient
378 1833 485 1899 tibus?
523 1856 616 1918 quem
645 1857 797 1899 ausurum
823 1834 1006 1900 Alexandro
1034 1856 1144 1900 sncce-

132 1925 226 1989 dere?
256 1924 326 1987 Iam
348 1927 385 1986 ut
407 1922 448 1986 ad
465 1920 711 2006 Hellespontum
733 1923 811 2006 fuga
830 1924 1038 2006 penetrarint,
1061 1923 1143 1986 clas-

92 2029 112 2079 -8
132 2034 212 2094 sem,
236 2034 299 2094 qua
321 2013 496 2092 transeant,
520 2031 613 2093 quem
636 2010 922 2092 praeparaturum?
959 2008 1082 2072 Rursus
1106 2011 1143 2074 in

135 2100 241 2181 ipsum
263 2117 372 2180 regem
394 2096 611 2159 misericordia
629 2117 723 2160 versa
742 2097 833 2158 illum
851 2096 963 2159 florem
981 2097 1142 2180 iuventae,

131 2187 221 2248 illam
243 2183 308 2246 rim
332 2183 443 2258 animi,
471 2182 605 2245 eundem
628 2203 736 2265 regem
760 2185 793 2244 et
820 2182 976 2246 commilit
962 2185 1070 2246 tonem
1094 2184 1141 2248 di-

96 2293 111 2340 9
131 2272 205 2336 velli
224 2293 243 2334 a
262 2291 296 2333 se
315 2273 348 2333 et
365 2269 534 2351 abrumpi'
525 2289 718 2334 inmemores
733 2291 782 2333 sur
774 2270 972 2420 querebant
972 2292 1019 2335 ur.
1019 2270 1141 2359 qlnter
1155 2273 1198 2335 13

13 2358 16 2363 ’
130 2360 209 2424 haec
231 2357 362 2422 liberius
385 2378 491 2420 meare
515 2357 645 2438 spiritus
670 2361 818 2440 coeperat
836 2299 1067 2442 adlevabatque
1086 2381 1142 2423 rex

132 2448 241 2512 oeulos
265 2448 297 2509 et
319 2445 475 2529 paulatim
498 2445 650 2509 redeunte
674 2447 781 2509 animo
801 2446 1044 2511 circumstantes
1062 2447 1141 2511 ami·
1207 2462 1215 2483 '

17 2604 18 2607 Ἴ
131 2556 185 2599 cos
209 2538 397 2620 agnoverat:
421 2534 639 2618 laxataque
608 2556 657 2597 vis
675 2534 779 2598 morbi
799 2533 840 2597 ob
859 2533 922 2598 hoc
936 2534 985 2598 sol
986 2557 1040 2598 um
1055 2533 1140 2599 vide·

80 2641 112 2690 1ο
80 2623 187 2689 ibat
173 2627 233 2703 tur,
258 2623 332 2705 qnia
345 2622 600 2705 magnitudinem
613 2622 690 2685 mali
705 2625 778 2686 sent
764 2621 874 2686 tiebat
906 2621 1087 2686 Animit
1032 2624 1087 2685 aut
1088 2643 1140 2686 em

131 2710 298 2812 aegritudo
322 2730 436 2791 corpus
459 2709 626 2792 urguebat,
650 2710 767 2793 quippe
789 2707 931 2774 Dareum
955 2711 1066 2793 quinto
1089 2708 1141 2774 die

131 2800 165 2860 in
189 2794 391 2860 Cil1ciaf0re
414 2799 496 2858 nunt
482 2797 632 2859 tiabatur.
663 2796 766 2884 Vinct
752 2801 821 2861 tum
845 2819 920 2881 ergo
945 2817 978 2860 se
1000 2795 1085 2859 tradi
1107 2799 1142 2862 et

130 2887 255 2948 tantam
278 2883 444 2947 victoriam
468 2883 548 2967 eripi
571 2883 634 2947 sibi
657 2904 696 2946 ex
717 2884 866 2948 manibus
890 2884 1087 2967 obscuraque
1100 2887 1143 2949 et

130 2971 267 3054 ignobili
293 2970 433 3035 morte
423 2992 458 3034 ιιι
484 2971 692 3034 tabernaculo
716 2973 861 3055 extingui
884 2991 917 3034 se
928 2972 1142 3055 querebatur.

79 3077 111 3126 11
132 3058 354 3142 Admissisque
382 3058 492 3122 amieis
515 3058 635 3141 pariter
658 3079 695 3122 ac
710 3059 862 3123 medicis:
900 3056 955 3121 In
978 3080 1040 3141 quo
1064 3057 1142 3141 me,

130 3145 249 3228 inquit,
277 3145 422 3208 ‘articulo
444 3147 716 3210 rerum'mearuni
737 3144 867 3210 fortuna
890 3143 1142 3228 deprehenderit,

132 3234 271 3297 cernitis.
316 3231 490 3316 Strepitum
515 3233 682 3297 hostilium
705 3253 867 3298 armorum
890 3230 1038 3295 exaudire
1061 3231 1141 3296 mihi

80 3341 112 3391 11
131 3321 241 3385 videor
263 3323 307 3405 et,
331 3321 384 3404 qui
407 3323 492 3386 ultro
514 3321 609 3385 intuli
632 3321 764 3404 bellum,
786 3320 852 3383 iarn
874 3340 1039 3403 provocor.
1075 3318 1141 3385 Da-

80 3462 84 3471 .
130 3431 203 3474 reus
222 3428 299 3494 ergo
318 3431 390 3474 cum
407 3414 475 3474 tam
495 3409 646 3493 superbas
666 3406 776 3473 literas
796 3408 955 3490 scriberet,
977 3407 1142 3473 fortunam

132 3519 236 3562 meam
260 3499 295 3562 in
319 3498 450 3562 oonsilio
473 3497 598 3560 habuit:
629 3497 685 3561 sed
707 3496 917 3582 nequiquam,
940 3495 968 3560 si
991 3496 1070 3560 mihi
1093 3517 1143 3560 cr-

72 3605 112 3650 ra
131 3585 229 3650 bitrio
250 3608 324 3651 meo
347 3585 451 3650 curari
472 3585 554 3650 licet.
596 3583 698 3649 Lenta
720 3585 861 3650 remedia
885 3587 917 3648 et
939 3603 1144 3669 segnes-me·
