2444 3908
247 95 251 108 ·
300 144 554 199 HISTORIARUM
571 144 853 214 ALEXANDRIIII,
873 149 941 200 16.
1086 144 1125 207 11
1194 149 1197 154 ’

120 286 208 350 dicos
236 307 303 350 non
331 280 500 371 expectant
525 291 671 370 tempora
700 309 784 351 mea·
819 287 976 351 vel'mori
999 290 1127 352 strenue

120 395 216 456 quam
239 374 329 438 tarde
353 377 571 439 convalescere
594 376 673 440 mihi
696 376 809 439 melius
833 379 890 438 eat.
931 374 1125 459 Proinde,
1100 398 1127 440 si

119 461 196 544 quid
220 462 349 562 0110,οἱ
371 462 447 545 quid
471 463 549 526 artis
571 463 606 526 in
628 463 834 546 medicistest,
857 462 968 541 sciant,
991 484 1127 527 menon

119 553 188 612 tam
209 550 322 617 mortis
346 571 441 632 quam
464 551 540 614 belli
562 513 1180 640 101101111101100101031180110114

103 637 269 700 ‘omnibus
291 637 472 702 incusserat
490 660 598 702 euram
617 642 684 702 tam
702 659 854 720 praeceps
871 638 1077 701 temeritas
1050 661 1127 703 e1us.

118 723 208 808 Ergo
235 746 293 808 pro
321 747 355 789 se
379 727 512 809 quisque
534 727 659 808 precari
681 747 826 809 coepere,
858 746 898 788 ne
920 724 1127 790 festinatione

120 812 297 894 periculum
321 817 465 896 augeret,
495 815 550 877 sed
574 815 688 878 esset
679 836 714 876 1n
735 816 895 897 potestate
918 813 1057 890 madent
1048 835 1127 877 rum:

120 899 286 982 inexperta
320 900 460 964 remedia
493 901 579 965 haud
610 902 728 965 iniuria
759 902 836 983 ipsis
869 921 938 964 esse
970 904 1180 982 suspectam

120 1007 192 1050 cum
220 988 260 1052 ad
287 988 461 1070 perniciem
489 990 557 1053 eius
582 990 679 1053 etiam
706 1011 726 1052 a
747 988 846 1052 latere
869 988 971 1070 ipsius
993 989 1128 1070 pecunia

121 1075 308 1138 sollicitaret
329 1075 405 1140 host
406 1076 442 1140 is
485 1076 609 1160 Quippe
631 1076 755 1140 Dareus
778 1076 865 1155 mille
887 1076 1010 1139 talenta
1031 1077 1127 1139 inter·
1148 1095 1180 1143 16

120 1161 233 1227 fectori
247 1161 423 1227 Alexandri
446 1164 594 1228 daturum
619 1185 652 1229 se
670 1141 872 1248 pronuntiari
889 1164 1036 1226 iusserat.
1064 1163 1128 1226 Ita-
1220 1164 1221 1167 ’

122 1270 181 1332 que
207 1271 249 1314 ne
273 1273 424 1315 ausurum
448 1252 575 1336 quidem
599 1274 789 1336 quemquam
813 1251 898 1315 arbit
898 1251 1054 1315 rebantur
1078 1272 1128 1339 011-

121 1337 225 1419 periri
244 1338 432 1422 remedium,
460 1341 545 1425 quod
571 1344 704 1423 propter
725 1340 904 1404 novitatem
925 1342 1036 1422 posset
1058 1333 1129 1403 esse

121 1428 313 1507 suspectum.
403 1479 406 1486 .

542 1583 620 1649 011.
643 1583 699 1649 VL

71 1687 111 1750 14
207 1685 290 1751 Erat
311 1689 395 1752 inter
416 1689 541 1754 nobiles
564 1690 718 1771 medicos,
747 1709 786 1752 ex
808 1687 997 1753 Macedonia
1019 1706 1128 1771 regem
1149 1707 1163 1754 1

120 1776 261 1850 secutus,
291 1773 472 1859 Philippus,
503 1776 634 1839 natione
657 1777 821 1858 Acarnan,
848 1776 929 1840 fidus
958 1775 1129 1838 admodum

120 1859 203 1943 regi:
226 1879 325 1941 puero
349 1880 455 1924 eomes
478 1864 511 1924 et
529 1865 637 1925 eustos
656 1862 769 1924 salutis
784 1862 878 1924 datus
891 1883 957 1925 non
971 1865 1007 1924 ut
1020 1883 1129 1945 regem

120 1945 225 2030 mode,
248 1946 303 2010 sed
321 1947 419 2011 etiam
436 1951 474 2011 ut
492 1948 656 2011 alumnum
675 1948 791 2011 eximia
809 1948 943 2011 caritate
966 1947 1129 2031 diligebat

119 2032 152 2098 Is
179 2055 246 2098 non
272 2055 422 2118 praeceps
451 2056 497 2118 se,
530 2035 585 2100 sed
614 2038 777 2099 strenuum
804 2035 980 2098 remedium
1006 2034 1163 2102 adferree

118 2125 308 2204 tantamque
326 2122 391 2185 vim
409 2123 514 2187 morbi
536 2123 666 2207 potione
685 2123 842 2187 medicata
859 2123 1039 2186 levaturum
1060 2143 1129 2187 esse
1155 2176 1158 2181 ⁴

119 2210 276 2294 promisit.
312 2208 401 2274 Nulli
418 2211 611 2294 promissum
630 2211 697 2274 eius
715 2211 865 2295 placebat
877 2214 1003 2295 praeter
1016 2211 1129 2295 ipsum,
1148 2229 1164 2278 3

120 2297 210 2361 cuius
224 2297 365 2380 periculo
379 2299 598 2381 pollicebatur.
630 2298 746 2363 Omnia
763 2299 879 2383 quippe
893 2298 1018 2362 facilius
1033 2320 1130 2381 quam

120 2405 245 2448 moram
267 2387 390 2469 perpeti
407 2389 552 2469 poterat:
583 2398 672 2450 arma
695 2390 727 2450 et
750 2386 833 2450 acies
856 2386 891 2448 iu
914 2386 1015 2450 oculis
1039 2389 1131 2449 erant

122 2476 155 2543 et
177 2473 343 2537 victoriam
366 2474 401 2536 in
424 2495 459 2537 eo
475 2475 614 2557 positam
629 2495 697 2537 esse
712 2473 938 2554 arbitrabatur,
961 2473 1129 2536 sitantum
1176 2471 1179 2479 “

121 2563 196 2623 ante
213 2560 312 2644 ‘signa
335 2564 419 2623 stare
442 2562 612 2643 potuisset,
638 2561 672 2623 id
694 2561 811 2643 ipsum,
840 2558 924 2642 quod
948 2562 1024 2641 post
1046 2559 1130 2623 diem

120 2648 251 2711 tertium
283 2647 550 2711 medicamentum
582 2651 766 2730 sumpturus
799 2649 882 2710 esset
905 2682 947 2692 —
970 2647 1017 2710 ita
1044 2647 1129 2710 enirn

121 2734 262 2798 medicus
294 2735 497 2817 praedixerat
527 2770 571 2781 -
607 2755 701 2818 aegre
728 2735 843 2798 ferens.
891 2733 982 2798 Inter
1009 2734 1088 2798 haec
1112 2754 1166 2802 at

122 2820 346 2905 Parmenione,
378 2821 533 2886 fidissimo
563 2825 825 2906 purpuratorum,
856 2822 988 2885 litteras
1008 2823 1130 2905 accipit,

122 2909 238 2991 quibus
262 2909 300 2984 01Ι
314 2910 532 2993 denuntiabat,
554 2933 595 2974 ne
619 2912 754 2974 salutem
773 2908 1027 2993 suamPhilippo
1047 2931 1130 2974 com-

122 2995 277 3059 mitteret:
305 2998 392 3062 mille
413 2998 544 3062 talentis
567 3021 587 3062 a
609 2997 714 3062 Dareo
738 3000 771 3062 et
794 3018 849 3080 spe
871 2999 1057 3080 nuptiarum
1081 3019 1129 3061 so-

122 3082 204 3149 roris
233 3083 299 3147 eius
323 3106 392 3149 esse
415 3090 609 3170 corruptum.
653 3085 824 3169 Ingentem
848 3086 954 3148 animo
979 3085 1129 3148 sollicitu—
1150 3105 1165 3152 5

97 3171 230 3235 vdinem
259 3171 384 3236 litterae
411 3174 612 3237 incusserant
644 3177 687 3255 et,
721 3173 873 3256 quidquid
900 3174 934 3235 in
962 3178 1130 3254 utramque

124 3267 248 3340 partem
275 3264 331 3323 aut
357 3265 460 3326 metus
489 3264 545 3325 aut
573 3282 645 3343 spes
674 3261 864 3342 subiecerat,
893 3264 1015 3323 secreta
1038 3261 1129 3322 aesti-

123 3346 263 3410 matione
286 3350 452 3430 pensabat.
483 3348 609 3411 ‘Bibere
632 3370 840 3431 perseverem,
863 3351 908 3429 ut,
932 3348 958 3409 si
972 3367 1166 3413 1010111110

123 3434 233 3514 datum
256 3434 365 3516 fuerit,
387 3458 427 3499 ne
450 3436 611 3499 immerito
635 3436 775 3518 quidem,
799 3435 952 3517 quidquid
976 3434 1131 3516 acciderit,

125 3521 267 3585 evenisse
293 3523 461 3596 videatur?
505 3523 665 3587 Damnem
688 3523 801 3587 medici
825 3522 938 3585 fidem?
971 3521 1009 3582 11
1027 3521 1137 3580 tabea-
