2444 3908
172 138 218 197 48
548 131 580 196 o.
600 129 709 186 ouran
726 130 813 185 aon

123 338 126 343 .
177 278 308 362 sanguis
344 299 475 341 manare
512 276 618 360 coepit
654 277 803 341 omnibus
834 275 968 359 territis,
1004 275 1083 359 quia
1118 297 1196 361 non,

178 387 273 448 quam
296 366 360 428 alte
384 368 584 448 penetrasset
600 365 709 447 telum,
731 364 832 429 lorica
854 362 1005 427 obstante
1028 384 1195 448 cognove-

176 457 259 516 rant.
303 451 376 536 Ipse
407 475 448 517 ne
482 454 546 517 oris
578 453 705 536 quidem
737 454 844 516 colore
874 454 999 516 mutato
1030 453 1196 536 supprimi

124 563 158 612 19
178 540 368 624 sanguinem
402 545 435 605 et
465 542 582 605 vulnus
612 541 749 624 obligari
774 540 877 605 iussit
921 538 985 603 Diu
1013 543 1093 603 ante
1122 541 1197 626 ipsa

178 629 271 713 signa
293 629 345 692 vel
368 629 568 693 dissimulato
592 628 643 692 vel
663 630 748 692 victo
768 628 877 692 dolore
896 627 1095 711 perstiterat,
1119 650 1195 694 cum

179 738 368 800 suppressus
391 717 488 801 paulo
515 721 590 780 ante
618 717 749 801 sanguis
776 715 1023 799 medicamento,
1052 738 1122 799 quo
1146 739 1195 781 re·

178 809 286 869 tentus
311 809 392 888 erat,
419 827 550 868 manare
573 804 694 888 largius
727 805 844 887 coepit,
876 807 909 868 et
938 804 1071 888 vulnus,
1105 806 1195 889 quod

177 897 291 976 tepens
315 894 419 957 adhuc
442 893 584 957 dolorem
606 913 673 956 non
696 894 849 973 moverat,
870 892 1007 976 frigente
1028 894 1196 978 sanguine

126 1002 160 1050 20
178 981 340 1044 intumuit.
378 980 494 1063 Linqui
517 980 631 1044 deinde
654 981 761 1044 animo
785 984 817 1043 et
839 980 985 1044 submitti
1008 1000 1097 1064 genu
1123 1004 1196 1047 coe·

178 1070 240 1151 pit:
264 1090 357 1151 quern
380 1068 518 1151 proximi
541 1072 706 1151 exceptum
729 1069 763 1132 in
786 1071 892 1132 castra
914 1072 1115 1150 receperunt.
1151 1069 1197 1135 Et

178 1155 267 1218 Betis
294 1157 497 1219 interfectum
524 1159 613 1220 ratus
641 1157 753 1220 urbem
780 1178 881 1221 ovans
903 1155 1038 1219 victoria
1062 1159 1197 1241 repetit

126 1265 157 1312 21
178 1242 224 1305 At
255 1241 438 1306 Alexander
475 1243 619 1308 nondum
654 1248 824 1326 percurato
858 1245 989 1307 vulnere
1027 1265 1197 1331 aggerem,

179 1351 242 1413 quo
264 1331 427 1394 moenium
449 1331 652 1395 altitudinem
673 1335 833 1415 aequaret,
855 1332 1011 1395 exstruxit
1027 1332 1197 1415 pluribus·

5 1458 8 1469 ·
126 1440 159 1487 22
179 1439 240 1500 que
271 1419 426 1483 cuniculis
453 1441 562 1483 muros
589 1420 699 1483 subrui
725 1420 827 1483 iussit.
872 1417 1032 1503 Oppidani
1061 1422 1104 1485 ad
1128 1424 1196 1506 pri·

179 1505 299 1569 stinum
329 1506 497 1590 fastigium
526 1508 689 1571 moenium
720 1528 841 1571 novum
871 1512 1054 1572 exstruxere
1084 1511 1197 1575 muni-

178 1596 336 1676 mentum,
369 1595 425 1658 sed
453 1616 494 1659 ne
526 1595 558 1658 id
591 1596 718 1678 quidem
749 1598 854 1658 turres
887 1596 999 1680 aggeri
1029 1597 1196 1679 inpositas

179 1683 307 1764 poterat
330 1703 475 1766 aequare.
511 1681 624 1766 Itaque
646 1683 800 1746 interiora
818 1704 943 1765 quoque
961 1683 1049 1748 urbis
1068 1684 1197 1751 infesta

126 1790 159 1838 23
179 1769 252 1832 telis
275 1774 376 1834 erant.
411 1769 534 1835 Ultima
556 1772 657 1854 pestis
676 1771 765 1835 urbis
783 1771 847 1834 fuit
864 1772 1011 1835 cuniculo
1034 1772 1197 1840 subrutus

178 1879 298 1941 murus,
321 1880 378 1942 per
401 1859 489 1923 cuius
512 1860 623 1923 ruinas
645 1859 748 1924 hostis
770 1858 911 1923 intravit.
948 1857 1099 1925 Ducebat
1121 1861 1196 1946 ipse

178 1967 234 2009 rex
262 1947 492 2031 antesignanos
521 1952 565 2030 et,
597 1948 672 2012 dum
697 1948 856 2012 incautius
885 1947 984 2028 subit,
1013 1968 1093 2012 saxo
1118 1970 1197 2015 crus

9 2020 13 2047 ¹
126 2055 160 2102 24
180 2035 247 2097 eius
280 2034 451 2118 adfligitur.
499 2034 631 2099 Innixus
663 2039 772 2099 tamen
803 2036 867 2099 telo
894 2035 1039 2099 nondum
1070 2038 1200 2119 prioris¹

178 2121 319 2184 vulneris
348 2122 486 2185 obducta
513 2123 658 2186 cicatrice
680 2123 765 2186 inter
786 2124 941 2206 primores
964 2123 1111 2209 dimicat,
1143 2126 1197 2191 ira

179 2229 305 2290 quoque
338 2229 503 2284 accensus,
536 2210 621 2293 quod
653 2209 715 2273 duo
747 2211 782 2273 in
809 2210 974 2275 obsidione
1002 2210 1092 2275 urbis
1121 2214 1196 2279 eius

125 2315 159 2364 25
178 2295 311 2357 vulnera
335 2299 508 2378 acceperat.
544 2295 651 2360 Betim
671 2298 801 2382 egregia
823 2298 909 2362 edita
930 2320 1040 2384 pugna
1061 2302 1196 2368 multis·

179 2403 240 2466 que
263 2383 449 2448 vulneribus
472 2385 652 2448 confectum
675 2386 882 2450 deseruerunt
905 2388 968 2451 sui:
994 2408 1054 2451 nec
1075 2392 1196 2457 tamen

179 2471 310 2556 segnius
332 2473 489 2555 proelium
513 2474 702 2557 capessebat
723 2474 854 2538 lubricis
873 2476 970 2539 annis
989 2497 1048 2540 suo
1066 2479 1196 2559 pariter

126 2581 160 2629 aa
180 2564 275 2644 atque
302 2561 443 2625 hostiurn
472 2562 637 2646 sanguine.
683 2560 745 2626 Sed
773 2584 844 2627 curn
872 2563 1011 2646 undique
1037 2565 1113 2629 telis
1134 2588 1194 2648 pe-

179 2653 302 2730 teretur,
336 2651 379 2713 ad
400 2655 587 2730 postremam
613 2650 767 2716 &toartis
793 2651 909 2715 viribus
934 2654 1021 2716 mous
1046 2654 1082 2715 ia
1103 2661 1194 2735 pote·

177 2740 286 2799 statem
308 2735 440 2800 bostiam
456 2740 603 2818 pervenit.
640 2738 709 2814 Quo
733 2739 870 2803 adducto
893 2738 1045 2802 insolenti
1068 2741 1193 2824 gaudio

177 2823 301 2886 iuvenis
330 2823 445 2904 elatus,
477 2825 555 2888 alias
583 2826 712 2890 virtutis
740 2827 836 2890 etiam
863 2827 897 2891 in
924 2826 1017 2890 hoste
1044 2828 1194 2916 mirator,

179 2909 283 2992 ‘Non,
310 2913 347 2973 ut
365 2911 519 2995 voluisti',
545 2913 663 2997 inquit,
690 2913 864 2999 morieris,
895 2914 950 2978 sed
973 2914 1133 2998 quidquid
1156 2919 1194 2984 in

179 2999 341 3081 captivum
372 2999 509 3063 inveniri
540 3005 660 3085 potest,
690 3023 860 3084 passurum
893 3023 962 3066 esse
992 3006 1025 3066 te
1058 3005 1193 3088 cogita'.

126 3107 159 3155 27
178 3084 236 3149 Ille
265 3108 331 3150 non
358 3087 505 3151 interrito
528 3089 636 3172 modo,
664 3089 718 3152 sed
742 3091 923 3153 contumaci
947 3112 1072 3174 quoque
1094 3094 1194 3160 vultu

178 3175 307 3238 intuens
330 3195 453 3258 regem,
480 3177 603 3240 nullam
626 3177 666 3240 ad
688 3177 793 3240 minas
816 3178 884 3241 eius
907 3179 1044 3243 reddidit
1066 3201 1193 3249 vocem.

127 3284 160 3332 28
179 3261 261 3325 Tum
282 3263 471 3347 Alexander,
495 3263 673 3328 ‘Videtisne
697 3265 894 3330 obstinatum
918 3267 958 3330 ad
980 3267 1193 3334 tacendum?

179 3350 297 3434 inquit,
332 3349 425 3414 ‘num
457 3371 541 3435 genu
573 3353 705 3436 posuit?
751 3375 829 3417 num
865 3376 977 3418 vocem
1009 3356 1193 3439 supplicem

179 3438 288 3502 misit?
311 3437 449 3502 Vincam
471 3444 581 3504 tamen
604 3441 765 3505 silentium
788 3445 821 3505 et
839 3442 865 3505 si
883 3442 964 3506 nihil
983 3442 1078 3526 aliud,
1101 3450 1193 3513 certe

21 3560 24 3565 ·
127 3546 160 3594 29
179 3529 300 3610 gemitu
323 3528 555 3611 interpellabo!
590 3528 644 3593 Ira
667 3529 779 3593 deinde
802 3530 899 3594 vertit
920 3531 954 3593 in
975 3531 1098 3595 rabiem
1120 3534 1194 3603 ium
