2444 3908
187 141 230 223 '„
312 163 564 220 1112122112211
581 163 796 219 1121121121
812 164 864 234 12,
884 172 907 220 1.
1073 166 1114 230 31
1169 239 1172 243 ,

108 313 267 377 vetustate
296 310 444 392 famaque
471 309 670 374 conditorum
692 309 844 375 inolitam.
888 309 1059 394 Regnabat
1080 310 1115 374 in
1135 330 1167 380 12

109 420 146 462 22
169 397 292 480 Strato,
321 397 418 461 Darei
442 398 555 480 opibus
579 397 705 461 adiutus
708 447 802 462 .....
847 395 909 463 Sed
933 398 1007 480 quia
1030 397 1116 461 dedi-

107 487 230 550 tionem
261 486 365 569 magis
395 485 598 567 popularium
630 507 726 569 quam
758 507 816 549 sua
847 488 960 568 sponte
988 485 1117 569 fecerat,

107 594 209 658 regno
237 574 323 637 visus
350 573 503 656 indignus
529 571 823 656 Hephaestionique
845 574 1048 657 permissum,
1070 576 1116 657 ut,

108 682 204 744 quem
231 682 268 725 eo
296 661 425 743 fastigio
452 681 468 725 c
491 658 630 724 Sidoniis
653 661 876 744 dignissimum
899 661 1116 744 arbitraretur,

109 749 318 812 constitueret
339 769 455 832 regem.
500 747 606 811 Erant
627 748 860 831 Hephaestioni
882 750 941 813 duo
964 749 1115 832 hospites,
1135 767 1167 815 12

109 837 187 901 clari
215 837 298 899 inter
326 858 400 900 suos
427 837 571 899 iuvenes:
603 837 657 919 qui
679 837 765 901 facta
786 837 864 920 ipsis
887 839 1045 920 potestate
1067 857 1115 900 re·

108 924 229 1008 gnandi
247 927 456 1008 negaverunt,
481 944 672 1007 quemquam
689 924 794 1007 patrio
812 945 900 988 more
917 924 952 987 in
970 924 1003 988 id
1025 924 1115 988 fasti-

109 1012 198 1096 gium
220 1012 327 1094 recipi,
349 1011 413 1074 nisi
434 1012 523 1095 regia
547 1013 645 1094 stirpe
673 1014 804 1076 ortum.⁴
840 1011 1027 1075 Admiratus
1050 1010 1167 1078 He-18

111 1099 278 1184 phaestion
309 1098 563 1183 magnitudinem
596 1099 694 1162 animi
721 1100 912 1183 spernentiS,
945 1099 1031 1183 quod
1061 1099 1116 1163 alii

108 1209 165 1270 per
187 1187 278 1271 ignes
300 1187 483 1271 ferrumque
505 1190 660 1270 peterent,
683 1185 761 1250 ‘Vos
784 1187 911 1270 quidem
935 1187 1031 1251 macti
1053 1188 1115 1250 211-

108 1273 200 1358 tute',
230 1275 346 1358 inquit,
379 1277 510 1357 ‘estote,
544 1275 599 1358 qui
625 1274 720 1357 primi
747 1274 961 1359 intellexistis,
994 1279 1114 1358 quanto

108 1362 213 1426 maius
237 1365 321 1425 esset
342 1383 478 1445 regnum
499 1362 644 1425 fastidire
666 1383 763 1445 quam
785 1363 934 1445 accipere.
967 1360 1116 1427 Ceterum

108 1450 182 1513 date
205 1451 343 1533 aliquem
365 1450 472 1533 regiae
495 1450 612 1533 stirpis,
635 1450 690 1534 qui
712 1450 894 1513 meminerit
916 1450 1113 1514 220211222-

108 1541 235 1620 ceptum
253 1537 370 1601 habere
389 1559 422 1601 se
440 1536 596 1622 regnum?
629 1536 735 1621 Atque
753 1538 810 1622 illi,
828 1559 900 1602 cum
918 1539 1036 1602 multos
1056 1538 1113 1601 im·
1134 1555 1166 1603 12
1186 1531 1216 1599 l·

107 1627 229 1690 minere
278 1629 388 1689 tantae
438 1626 506 1708 spei
551 1629 717 1690 cernerent
762 1626 896 1710 singulis
940 1626 1113 1690 amicorum

107 1713 283 1776 Alexandri
319 1713 360 1776 ob
396 1713 529 1776 nimiam
566 1714 659 1797 regni
695 1713 901 1796 cupiditatem
938 1714 1114 1797 adulantes,

108 1803 258 1864 statuunt
278 1799 441 1862 neminem
464 1820 531 1862 esse
554 1802 712 1882 potiorem
734 1823 831 1885 quam
852 1801 1114 1901 Abdalonymum

108 1887 281 1971 quendam,
312 1886 411 1969 longa
438 1885 566 1968 quidem
593 1888 784 1970 cognatione
812 1888 904 1970 stirpi
930 1889 1036 1971 regiae
1060 1889 1114 1951 ad-

107 1995 239 2057 nexum,
272 1973 327 2037 sed
360 1973 437 2036 ob
428 1973 571 2055 mopiam
598 1974 816 2038 suburbanum
842 1975 972 2039 hortum
1000 1976 1114 2059 exigua

107 2063 213 2127 colent
199 2066 312 2125 tems
313 2061 388 2144 tipe.
440 2058 544 2125 (lausa
571 2062 600 2125 ei
625 2062 823 2162 paupertatis
847 2063 930 2128 sicut
955 2063 1114 2146 plerisque
1133 2081 1166 2129 2ο

106 2151 252 2234 probitas
276 2152 356 2215 erat:
387 2149 593 2231 intentusque
620 2150 710 2232 operi
737 2150 888 2214 diurnos
873 2152 1043 2233 strepitum
1066 2173 1113 2214 ar-

107 2259 243 2320 morum,
266 2238 321 2320 qui
342 2239 392 2300 tot
394 2259 447 2301 am
460 2235 572 2300 Asiam
595 2240 808 2322 concusserat,
829 2260 896 2303 non
918 2238 1114 2303 exaudiebat.

70 2323 223 2388 ASubito
246 2325 367 2407 deinde,
392 2325 431 2388 de
455 2324 570 2408 quibus
593 2328 667 2388 ante
690 2325 810 2390 dictum
833 2329 890 2410 est,
913 2348 984 2390 cum
1006 2327 1113 2411 regiae
1132 2345 1164 2392 21

108 2413 205 2475 vestis
232 2413 412 2496 insignibus
439 2412 569 2476 hortum
591 2413 728 2497 intrant,
759 2435 854 2497 quem
875 2414 959 2477 forte
991 2415 1113 2477 steriles

108 2500 224 2563 herbas
253 2501 375 2584 eligens
402 2498 647 2582 Abdalonymus
673 2502 876 2583 repurgabat.
925 2500 1008 2563 Tum
1039 2521 1114 2584 rege
1133 2520 1165 2568 22

109 2609 146 2651 eo
171 2589 309 2652 salutato
333 2588 415 2651 alter
437 2608 476 2649 ex
496 2586 562 2669 his,
588 2585 759 2670 ‘Habitus',
781 2587 898 2671 inquit,
922 2586 985 2651 ‘hio
1008 2588 1114 2672 222212,

109 2697 204 2759 quem
227 2675 330 2738 cernis
352 2675 387 2737 in
410 2673 489 2737 meis
512 2673 673 2758 manibus,
696 2695 768 2737 cum
790 2675 853 2738 isto
877 2675 1021 2758 squalore
1042 2697 1113 2759 per-

108 2767 179 2825 mut
167 2763 332 2826 ttandus
318 2762 379 2824 tibi
415 2764 472 2824 est.
525 2760 629 2824 Ablue
668 2783 795 2863 corpus
812 2762 930 2827 inluvie
960 2763 1114 2848 tetrisque

110 2850 257 2913 sordibus
289 2847 482 2932 squalidum:
519 2870 595 2932 cape
626 2849 712 2932 regis
744 2850 886 2913 animum
917 2851 1015 2914 etin
979 2872 1114 2915 meam

102 2937 284 3019 fortunam,
316 2958 380 3020 qua
406 2936 522 3020 dignus
551 2959 614 3026 es,
626 2937 722 3000 istam
749 2938 977 3038 continentiam
999 2939 1115 3021 perfer.

109 3023 157 3087 Et
184 3045 256 3087 cum
283 3025 318 3086 in
345 3025 445 3107 regali
469 3024 548 3088 solio
570 3005 736 3107 residebis,
768 3026 851 3089 222
877 3026 1025 3110 necisque
1048 3048 1114 3089 om·
1158 3086 1162 3096 ,

109 3112 200 3175 nium
223 3112 338 3174 civium
362 3112 518 3196 dominus,
540 3134 615 3175 cave
638 3075 836 3177 obliviscaris
851 3113 1011 3227 22212122,
1001 3136 1037 3177 111
1050 3135 1114 3197 quo

110 3201 226 3300 accipis
249 3221 398 3284 regnum,
420 3200 528 3282 imm0,
552 3200 688 3282 hercule,
710 3205 841 3283 propter
864 3199 978 3285 quem?
1024 3198 1113 3265 Som-
1131 3220 1164 3269 22

109 3287 164 3351 nio
180 3288 292 3350 similis
306 3310 357 3351 res
371 3288 597 3371 Abdalonymo
611 3251 739 3351 videbat
726 3292 789 3351 t:ur
809 3289 843 3351 in
843 3288 977 3371 terdum,
993 3289 1113 3353 satisne

110 3375 181 3437 sani
204 3380 325 3458 essent,
350 3376 404 3459 qui
426 3379 493 3438 tam
516 3379 663 3457 proterve
687 3376 748 3439 sibi
770 3376 959 3459 inluderent,
981 3396 1113 3476 percqn·

108 3462 200 3524 tabat
186 3466 246 3526 tur.
282 3461 344 3526 Sed
366 3466 403 3526 ut
426 3483 506 3526 cunc
507 3464 591 3528 tiant
622 3465 751 3546 squalor
782 3465 871 3527 ablut
857 3468 909 3527 tus
936 3464 986 3526 est
1012 3461 1113 3527 etin·
1061 3482 1101 3544 111

108 3551 192 3613 iecta
213 3551 311 3614 vestis
333 3573 474 3632 purpura
496 3572 636 3635 auroque
660 3551 811 3615 distincta
831 3555 867 3614 et
880 3549 1129 3631 tidesa‘xume
