2444 3908
125 144 145 235 β
495 143 527 208 Q.
547 143 656 198 CURTI
673 143 760 198 RUFI

126 288 366 351 distrinxerunt:
399 287 454 350 alii
474 288 601 377 laetum
627 287 660 352 id
675 237 753 369 *regi
776 288 936 352 somnium
960 309 1029 352 esse
1053 288 1140 354 dice-

124 376 212 457 bant,
235 374 320 457 quod
342 377 448 439 castra
470 375 613 439 hostium
632 375 793 458 arsissent,
817 375 902 460 quod
916 375 1140 442 Alexandrum
1205 403 1209 412 ·

125 462 271 545 deposita
293 463 383 546 regia
405 465 492 526 veste
514 463 549 526 in
570 461 700 529 Persico
724 467 757 527 et
777 463 904 548 vulgari
925 464 1039 529 habitu
1061 486 1138 552 per·

79 551 255 665 pductum
278 550 319 614 ad
342 572 375 614 se
397 549 538 615 vidisset.
584 550 721 626 Quidam
744 554 856 616 contra
879 552 1139 637 augurabantur:

94 668 101 701 i
125 638 243 721 quippe
264 639 403 703 illustria
419 637 630 703 Macedonum
653 642 758 703 castra
780 640 849 704 visa
866 640 1025 724 fulgurem
1051 645 1132 711 Ale·

122 727 245 790 xandro
264 727 462 810 portendere,
487 726 571 810 quod
596 731 704 792 uestem
726 728 884 792 Persicum
905 749 943 792 ac
969 729 1139 814 vulgarem

125 815 303 898 habuisset,
334 815 421 879 haud
449 815 598 898 ambigue
624 836 760 900 regnum
782 815 895 898 Asiae,
927 817 1079 900 quoniam
1101 818 1140 882 in

126 903 237 967 eodem
259 903 372 967 habitu
394 902 519 967 Dareus
542 903 669 986 fuisset,
699 925 771 967 cum
795 905 975 988 appellatus
999 907 1048 969 est
1071 925 1139 970 rex.

91 990 245 1058 oVetera
272 1011 398 1074 quoque
426 991 548 1071 omina,
576 994 614 1054 ut
634 991 702 1055 fere
723 993 772 1073 (it,
803 993 984 1057 sollicitudo
1005 1013 1138 1058 revoca·

126 1083 230 1143 verat:
259 1077 469 1143 recensebant
492 1079 577 1141 enim
599 1079 741 1144 Dareum
768 1081 803 1143 in
830 1081 987 1164 principio
1010 1080 1140 1163 imperii

125 1167 276 1250 vaginam
300 1166 437 1229 acinacis
455 1164 616 1230 Persicam
637 1167 770 1232 iussisse
791 1169 909 1232 mutari
927 1169 962 1232 in
981 1190 1051 1232 eam
1070 1169 1139 1232 for·

126 1276 221 1336 mam,
245 1275 307 1335 qua
326 1251 439 1317 Graeci
460 1257 635 1337 uterentur,
657 1255 868 1339 protinusque
887 1254 1064 1322 Chaldaeos
1088 1255 1139 1319 in-

126 1344 333 1425 terpretatos,
364 1341 533 1425 imperium
561 1341 731 1406 Persarum
762 1342 802 1406 ad
833 1364 887 1408 eos
916 1343 1141 1428 transiturum,

93 1448 260 1513 equorum
290 1451 379 1492 arma
402 1432 487 1493 esset
509 1430 661 1493 imitatus.
707 1427 855 1515 Ceterum
877 1431 948 1512 ipse
971 1435 1004 1495 et
1025 1434 1140 1496 vatum

126 1538 290 1600 responso,
314 1516 399 1600 quod
422 1517 574 1581 edebatur
597 1517 631 1580 in
649 1517 774 1600 vulgus,
798 1521 830 1580 et
849 1517 961 1600 specie,
984 1539 1064 1600 quae
1079 1540 1140 1600 per

22 1621 27 1632 ·
127 1625 275 1669 somnum
303 1604 412 1668 oblata
440 1608 521 1687 erat,
553 1604 724 1669 admodum
751 1605 856 1668 laetus
879 1608 984 1668 castra
1007 1604 1047 1666 ad
1069 1603 1139 1670 Eu·

126 1692 263 1775 phraten
286 1693 406 1756 moveri
427 1693 557 1756 iubete
631 1690 634 1696 ’

91 1799 107 1848 8
213 1778 323 1844 Patrio
345 1801 434 1844 more
457 1779 627 1844 Persarum
649 1780 803 1845 traditum
826 1783 876 1844 est
898 1782 968 1845 orto
993 1780 1059 1844 sole
1082 1778 1176 1848 ‹le-7

126 1890 215 1932 mum
241 1869 419 1952 procedere.
464 1866 524 1932 Die
551 1869 616 1933 iam
642 1869 761 1933 illustri
788 1870 916 1954 signum
944 1890 961 1933 e
989 1868 1137 1933 taberna-

127 1958 198 2022 culo
221 1959 306 2042 regis
329 1956 445 2023 bucina
468 1956 611 2022 dabatur.
653 1956 755 2041 Super
777 1956 1029 2039 tabernaculum,
1051 1956 1137 2021 unde

127 2045 167 2108 ab
195 2047 344 2110 omnibus
368 2046 508 2128 conspici
529 2048 651 2128 posset,
682 2046 790 2127 imago
815 2044 891 2108 solis
914 2043 1063 2124 crystallo
1086 2043 1136 2106 in·

92 2132 216 2198 aclusa
238 2132 391 2214 fulgebat.
429 2130 514 2195 Ordo
538 2134 645 2194 autem
669 2131 807 2215 agminis
830 2133 899 2192 erat
920 2129 1004 2193 talis.
1035 2127 1136 2214 Ignis,

127 2239 222 2300 quem
244 2219 307 2301 ipsi
330 2239 456 2282 sacrum
480 2219 512 2280 et
535 2220 699 2291 aeternum
719 2217 886 2300 vocabant,
909 2217 1070 2301 argenteis
1090 2219 1136 2282 al·
1205 2236 1208 2241 ·

76 2325 108 2373 10
127 2305 250 2369 taribus
277 2304 526 2387 praeferebatur.
571 2304 660 2389 Magi
684 2305 821 2387 proximi
842 2305 983 2387 patrium
1006 2326 1136 2370 carmen

126 2393 292 2457 canebant.
325 2391 439 2476 Magos
457 2394 592 2458 trecenti
611 2396 643 2457 et
662 2393 828 2476 sexaginta
847 2393 986 2477 quinque
1004 2394 1136 2464 iuvenes

127 2481 342 2566 sequebantur
359 2481 503 2565 puniceis
522 2481 666 2546 amiculis
684 2481 791 2563 velati,
814 2480 925 2546 diebus
943 2480 1044 2545 totius
1058 2481 1137 2545 anni

126 2591 219 2653 pares
246 2591 394 2635 numero:
432 2569 549 2654 quippe
572 2568 678 2634 Persis
703 2589 829 2654 quoque
851 2568 886 2633 in
909 2568 1044 2633 totidem
1067 2567 1136 2633 dies

75 2677 107 2725 11
127 2657 297 2739 discriptus
330 2661 379 2722 est
410 2680 520 2722 annus.
565 2656 702 2723 Currum
733 2656 845 2721 deinde
874 2657 944 2722 Iovi
976 2659 1137 2721 sacratum
1186 2672 1191 2681 '

127 2745 270 2808 albentes
306 2745 467 2809 vehebant
502 2746 592 2828 equi:
636 2744 696 2809 hos
733 2745 868 2810 eximiae
903 2743 1136 2829 magnitudinis

64 2853 67 2859 ’
128 2853 240 2915 equus,
275 2853 370 2916 quem
400 2831 484 2896 Solis
514 2832 732 2916 appellabant,
764 2834 965 2918 sequebatur.
1009 2830 1136 2896 Aureae

76 2940 108 2990 12
127 2921 237 3004 virgae
256 2923 288 2983 et
306 2921 397 2984 albae
411 2923 516 2984 restes
530 2923 677 3004 regentes
692 2941 791 3004 equos
805 2919 1012 2984 adornabant.
1039 2915 1138 2998 Haud

127 3007 239 3091 procul
268 3012 360 3072 erant
387 3007 533 3073 vehicula
562 3008 670 3072 decem
699 3009 801 3072 multo
832 3018 909 3071 auro
937 3008 1137 3092 argentoque

77 3116 109 3166 13
129 3096 260 3160 caelata.
296 3094 495 3180 Sequebatur
515 3095 596 3160 haec
619 3095 779 3180 equitatus
803 3093 969 3160 duodecim
991 3093 1137 3179 gentium

128 3183 226 3248 variis
248 3184 347 3248 armis
371 3187 404 3248 et
425 3183 576 3249 moribus.
620 3182 762 3247 Proximi
783 3183 889 3264 ibant,
917 3203 997 3265 quos
1020 3179 1137 3246 Persae

128 3269 330 3337 Immortales
352 3274 479 3350 vocant,
502 3271 543 3335 ad
561 3270 669 3335 decem
688 3270 785 3335 milia.
822 3266 935 3334 Cultus
954 3268 1138 3352 opulentiae

128 3359 286 3424 barbarae
307 3381 375 3425 non
397 3359 477 3423 alios
499 3359 603 3443 magis
626 3359 835 3423 honestabat:
867 3357 915 3421 illi
938 3378 1050 3422 aureos
1072 3360 1139 3421 tor·

130 3470 217 3532 ques,
239 3448 287 3513 illi
307 3451 430 3512 restem
447 3469 530 3523 ,auro
553 3447 739 3511 distinctam
755 3445 921 3511 habebant
946 3445 1139 3511 manicatas-

78 3555 111 3606 14
130 3557 190 3620 que
217 3537 357 3622 tunicas,
386 3537 522 3622 gemmis
545 3535 642 3600 etiam
665 3534 845 3602 edomatas.
890 3533 1018 3621 Exiguo
1040 3534 1140 3599 inter-
