<?xml version="1.0" encoding="UTF-8"?>
<!DOCTYPE html PUBLIC "-//W3C//DTD XHTML 1.0 Transitional//EN"
    "http://www.w3.org/TR/xhtml1/DTD/xhtml1-transitional.dtd">
<html xmlns="http://www.w3.org/1999/xhtml" xml:lang="en" lang="en">
 <head>
  <title>
</title>
<meta http-equiv="Content-Type" content="text/html;charset=utf-8" />
  <meta name='ocr-system' content='tesseract 3.04.00' />
  <meta name='ocr-capabilities' content='ocr_page ocr_carea ocr_par ocr_line ocrx_word'/>
</head>
<body>
  <div class='ocr_page' id='page_1' title='image "./historiarumalex01rufugoog_0141.png"; bbox 0 0 2444 3908; ppageno 0'>
   <div class='ocr_carea' id='block_1_1' title="bbox 134 142 768 209">
    <p class='ocr_par' dir='ltr' id='par_1_1' title="bbox 134 142 768 209">
     <span class='ocr_line' id='line_1_1' title="bbox 134 142 768 209; baseline -0.002 -12"><span class='ocrx_word' id='word_1_1' title='bbox 134 143 196 208; x_wconf 87' lang='lat'>108</span> <span class='ocrx_word' id='word_1_2' title='bbox 504 143 536 209; x_wconf 79' lang='lat' dir='ltr'>Q.</span> <span class='ocrx_word' id='word_1_3' title='bbox 556 142 664 198; x_wconf 87' lang='lat' dir='ltr'>CURTI</span> <span class='ocrx_word' id='word_1_4' title='bbox 681 143 768 197; x_wconf 82' lang='lat' dir='ltr'>RUFI</span> 
     </span>
    </p>
   </div>
   <div class='ocr_carea' id='block_1_2' title="bbox 78 285 1202 2294">
    <p class='ocr_par' dir='ltr' id='par_1_2' title="bbox 78 285 1202 546">
     <span class='ocr_line' id='line_1_2' title="bbox 78 285 1146 371; baseline -0.003 -16"><span class='ocrx_word' id='word_1_5' title='bbox 78 308 111 356; x_wconf 84' lang='lat'>13</span> <span class='ocrx_word' id='word_1_6' title='bbox 131 288 295 371; x_wconf 90' lang='lat' dir='ltr'>deplorare</span> <span class='ocrx_word' id='word_1_7' title='bbox 324 289 506 370; x_wconf 91' lang='lat' dir='ltr'>coeperunt.</span> <span class='ocrx_word' id='word_1_8' title='bbox 550 285 665 350; x_wconf 81' lang='lat' dir='ltr'>Persae</span> <span class='ocrx_word' id='word_1_9' title='bbox 694 287 733 350; x_wconf 92' lang='lat' dir='ltr'>ad</span> <span class='ocrx_word' id='word_1_10' title='bbox 760 287 833 351; x_wconf 90' lang='lat' dir='ltr'>illos</span> <span class='ocrx_word' id='word_1_11' title='bbox 856 287 993 351; x_wconf 87' lang='lat' dir='ltr'>clamore</span> <span class='ocrx_word' id='word_1_12' title='bbox 1016 287 1146 370; x_wconf 90' lang='lat' dir='ltr'>perlato</span> 
     </span>
     <span class='ocr_line' id='line_1_3' title="bbox 131 373 1202 458; baseline -0.001 -19"><span class='ocrx_word' id='word_1_13' title='bbox 131 376 262 439; x_wconf 87' lang='lat' dir='ltr'>attoniti</span> <span class='ocrx_word' id='word_1_14' title='bbox 283 377 372 438; x_wconf 91' lang='lat' dir='ltr'>metu</span> <span class='ocrx_word' id='word_1_15' title='bbox 393 396 453 439; x_wconf 92' lang='lat' dir='ltr'>nee</span> <span class='ocrx_word' id='word_1_16' title='bbox 476 396 564 438; x_wconf 85' lang='lat' dir='ltr'>arma</span> <span class='ocrx_word' id='word_1_17' title='bbox 587 395 708 458; x_wconf 89' lang='lat' dir='ltr'>capere,</span> <span class='ocrx_word' id='word_1_18' title='bbox 730 396 771 438; x_wconf 92' lang='lat' dir='ltr'>ne</span> <span class='ocrx_word' id='word_1_19' title='bbox 794 375 829 437; x_wconf 89' lang='lat' dir='ltr'>in</span> <span class='ocrx_word' id='word_1_20' title='bbox 850 373 1039 438; x_wconf 80' lang='lat' dir='ltr'>Bactrianos</span> <span class='ocrx_word' id='word_1_21' title='bbox 1062 374 1146 438; x_wconf 93' lang='lat' dir='ltr'>inci-</span> <span class='ocrx_word' id='word_1_22' title='bbox 1178 400 1202 427; x_wconf 61' lang='grc' dir='ltr'><strong><em>ν</em></strong></span> 
     </span>
     <span class='ocr_line' id='line_1_4' title="bbox 131 461 1146 546; baseline 0.001 -21"><span class='ocrx_word' id='word_1_23' title='bbox 131 462 251 546; x_wconf 89' lang='lat' dir='ltr'>derent,</span> <span class='ocrx_word' id='word_1_24' title='bbox 269 484 328 526; x_wconf 90' lang='lat' dir='ltr'>nee</span> <span class='ocrx_word' id='word_1_25' title='bbox 344 462 504 545; x_wconf 82' lang='lat' dir='ltr'>quiescere</span> <span class='ocrx_word' id='word_1_26' title='bbox 519 463 689 545; x_wconf 77' lang='lat' dir='ltr'>audebant,</span> <span class='ocrx_word' id='word_1_27' title='bbox 706 483 747 526; x_wconf 92' lang='lat' dir='ltr'>ne</span> <span class='ocrx_word' id='word_1_28' title='bbox 761 461 859 546; x_wconf 91' lang='lat' dir='ltr'>impie</span> <span class='ocrx_word' id='word_1_29' title='bbox 873 462 1017 526; x_wconf 90' lang='lat' dir='ltr'>deserere</span> <span class='ocrx_word' id='word_1_30' title='bbox 1031 482 1146 545; x_wconf 90' lang='lat' dir='ltr'>regem</span> 
     </span>
    </p>

    <p class='ocr_par' dir='ltr' id='par_1_3' title="bbox 79 548 1200 808">
     <span class='ocr_line' id='line_1_5' title="bbox 79 548 1145 617; baseline -0.005 0"><span class='ocrx_word' id='word_1_31' title='bbox 79 570 113 617; x_wconf 82' lang='grc'>14</span> <span class='ocrx_word' id='word_1_32' title='bbox 130 550 322 614; x_wconf 82' lang='lat' dir='ltr'>riderentur.</span> <span class='ocrx_word' id='word_1_33' title='bbox 366 549 483 614; x_wconf 88' lang='lat' dir='ltr'>Varius</span> <span class='ocrx_word' id='word_1_34' title='bbox 512 571 549 613; x_wconf 92' lang='lat' dir='ltr'>ae</span> <span class='ocrx_word' id='word_1_35' title='bbox 576 549 724 614; x_wconf 88' lang='lat' dir='ltr'>dissonus</span> <span class='ocrx_word' id='word_1_36' title='bbox 752 550 872 613; x_wconf 90' lang='lat' dir='ltr'>clamor</span> <span class='ocrx_word' id='word_1_37' title='bbox 900 550 969 613; x_wconf 90' lang='lat' dir='ltr'>sine</span> <span class='ocrx_word' id='word_1_38' title='bbox 997 548 1075 612; x_wconf 91' lang='lat' dir='ltr'>duce</span> <span class='ocrx_word' id='word_1_39' title='bbox 1104 570 1145 612; x_wconf 88' lang='lat' dir='ltr'>ae</span> 
     </span>
     <span class='ocr_line' id='line_1_6' title="bbox 132 634 1200 720; baseline 0.003 -20"><span class='ocrx_word' id='word_1_40' title='bbox 132 637 200 700; x_wconf 91' lang='lat' dir='ltr'>sine</span> <span class='ocrx_word' id='word_1_41' title='bbox 223 638 357 720; x_wconf 89' lang='lat' dir='ltr'>imperio</span> <span class='ocrx_word' id='word_1_42' title='bbox 379 637 458 700; x_wconf 87' lang='lat' dir='ltr'>totis</span> <span class='ocrx_word' id='word_1_43' title='bbox 476 637 590 700; x_wconf 88' lang='lat' dir='ltr'>eastris</span> <span class='ocrx_word' id='word_1_44' title='bbox 607 637 812 701; x_wconf 79' lang='lat' dir='ltr'>referebatur.</span> <span class='ocrx_word' id='word_1_45' title='bbox 847 635 948 700; x_wconf 91' lang='lat' dir='ltr'>Besso</span> <span class='ocrx_word' id='word_1_46' title='bbox 968 640 1000 699; x_wconf 90' lang='lat' dir='ltr'>et</span> <span class='ocrx_word' id='word_1_47' title='bbox 1016 634 1145 700; x_wconf 89' lang='lat' dir='ltr'>Nabar·</span> <span class='ocrx_word' id='word_1_48' title='bbox 1155 638 1200 703; x_wconf 82' lang='lat'>34</span> 
     </span>
     <span class='ocr_line' id='line_1_7' title="bbox 130 724 1145 808; baseline 0.001 -21"><span class='ocrx_word' id='word_1_49' title='bbox 130 725 203 788; x_wconf 86' lang='lat' dir='ltr'>zani</span> <span class='ocrx_word' id='word_1_50' title='bbox 225 726 453 789; x_wconf 89' lang='lat' dir='ltr'>nuntiaverant</span> <span class='ocrx_word' id='word_1_51' title='bbox 475 724 533 807; x_wconf 91' lang='lat' dir='ltr'>sui,</span> <span class='ocrx_word' id='word_1_52' title='bbox 554 745 663 808; x_wconf 89' lang='lat' dir='ltr'>regem</span> <span class='ocrx_word' id='word_1_53' title='bbox 685 747 704 788; x_wconf 92' lang='lat' dir='ltr'>a</span> <span class='ocrx_word' id='word_1_54' title='bbox 723 725 893 807; x_wconf 84' lang='lat' dir='ltr'>semetipso</span> <span class='ocrx_word' id='word_1_55' title='bbox 911 725 1145 806; x_wconf 89' lang='lat' dir='ltr'>interemptum</span> 
     </span>
    </p>

    <p class='ocr_par' dir='ltr' id='par_1_4' title="bbox 80 811 1145 1158">
     <span class='ocr_line' id='line_1_8' title="bbox 80 811 1144 895; baseline -0.003 -17"><span class='ocrx_word' id='word_1_56' title='bbox 80 830 112 879; x_wconf 82' lang='lat'>15</span> <span class='ocrx_word' id='word_1_57' title='bbox 132 833 216 876; x_wconf 86' lang='lat' dir='ltr'>esse:</span> <span class='ocrx_word' id='word_1_58' title='bbox 239 814 387 895; x_wconf 87' lang='lat' dir='ltr'>planctus</span> <span class='ocrx_word' id='word_1_59' title='bbox 410 832 465 875; x_wconf 94' lang='lat' dir='ltr'>eos</span> <span class='ocrx_word' id='word_1_60' title='bbox 488 811 664 894; x_wconf 79' lang='lat' dir='ltr'>deceperat</span> <span class='ocrx_word' id='word_1_61' title='bbox 707 811 820 894; x_wconf 89' lang='lat' dir='ltr'>Itaque</span> <span class='ocrx_word' id='word_1_62' title='bbox 844 812 949 876; x_wconf 89' lang='lat' dir='ltr'>citatis</span> <span class='ocrx_word' id='word_1_63' title='bbox 974 811 1063 894; x_wconf 91' lang='lat' dir='ltr'>equis</span> <span class='ocrx_word' id='word_1_64' title='bbox 1088 811 1144 875; x_wconf 87' lang='lat' dir='ltr'>ad-</span> 
     </span>
     <span class='ocr_line' id='line_1_9' title="bbox 131 897 1145 983; baseline -0.002 -19"><span class='ocrx_word' id='word_1_65' title='bbox 131 901 243 964; x_wconf 85' lang='lat' dir='ltr'>volant</span> <span class='ocrx_word' id='word_1_66' title='bbox 266 899 483 983; x_wconf 88' lang='lat' dir='ltr'>sequentibus,</span> <span class='ocrx_word' id='word_1_67' title='bbox 506 919 586 980; x_wconf 89' lang='lat' dir='ltr'>quos</span> <span class='ocrx_word' id='word_1_68' title='bbox 609 897 650 961; x_wconf 89' lang='lat' dir='ltr'>ad</span> <span class='ocrx_word' id='word_1_69' title='bbox 670 898 884 963; x_wconf 88' lang='lat' dir='ltr'>ministerium</span> <span class='ocrx_word' id='word_1_70' title='bbox 908 899 1034 963; x_wconf 89' lang='lat' dir='ltr'>sceleris</span> <span class='ocrx_word' id='word_1_71' title='bbox 1057 898 1145 962; x_wconf 91' lang='lat' dir='ltr'>dele-</span> 
     </span>
     <span class='ocr_line' id='line_1_10' title="bbox 132 986 1145 1071; baseline 0.002 -21"><span class='ocrx_word' id='word_1_72' title='bbox 132 992 260 1071; x_wconf 87' lang='lat' dir='ltr'>gerant:</span> <span class='ocrx_word' id='word_1_73' title='bbox 293 990 326 1051; x_wconf 86' lang='lat' dir='ltr'>et</span> <span class='ocrx_word' id='word_1_74' title='bbox 353 1008 425 1051; x_wconf 92' lang='lat' dir='ltr'>eum</span> <span class='ocrx_word' id='word_1_75' title='bbox 451 986 695 1050; x_wconf 87' lang='lat' dir='ltr'>tabernaculum</span> <span class='ocrx_word' id='word_1_76' title='bbox 717 987 905 1069; x_wconf 81' lang='lat' dir='ltr'>intrassent,</span> <span class='ocrx_word' id='word_1_77' title='bbox 935 987 1009 1070; x_wconf 91' lang='lat' dir='ltr'>quia</span> <span class='ocrx_word' id='word_1_78' title='bbox 1031 1006 1145 1070; x_wconf 85' lang='lat' dir='ltr'>regem</span> 
     </span>
     <span class='ocr_line' id='line_1_11' title="bbox 132 1073 1144 1158; baseline 0 -20"><span class='ocrx_word' id='word_1_79' title='bbox 132 1075 237 1138; x_wconf 87' lang='lat' dir='ltr'>vivere</span> <span class='ocrx_word' id='word_1_80' title='bbox 277 1074 435 1157; x_wconf 87' lang='lat' dir='ltr'>spadones</span> <span class='ocrx_word' id='word_1_81' title='bbox 470 1073 669 1157; x_wconf 89' lang='lat' dir='ltr'>indicabant,</span> <span class='ocrx_word' id='word_1_82' title='bbox 713 1073 929 1158; x_wconf 85' lang='lat' dir='ltr'>conprehendi</span> <span class='ocrx_word' id='word_1_83' title='bbox 963 1073 1144 1157; x_wconf 87' lang='lat' dir='ltr'>vincirique</span> 
     </span>
    </p>

    <p class='ocr_par' dir='ltr' id='par_1_5' title="bbox 81 1160 1144 1417">
     <span class='ocr_line' id='line_1_12' title="bbox 81 1160 1144 1244; baseline -0.002 -17"><span class='ocrx_word' id='word_1_84' title='bbox 81 1181 113 1228; x_wconf 85' lang='lat' dir='ltr'>re</span> <span class='ocrx_word' id='word_1_85' title='bbox 131 1162 301 1225; x_wconf 90' lang='lat' dir='ltr'>iusserunt.</span> <span class='ocrx_word' id='word_1_86' title='bbox 345 1160 415 1223; x_wconf 85' lang='lat' dir='ltr'>Rex</span> <span class='ocrx_word' id='word_1_87' title='bbox 445 1181 539 1224; x_wconf 86' lang='lat' dir='ltr'>curru</span> <span class='ocrx_word' id='word_1_88' title='bbox 570 1162 667 1244; x_wconf 90' lang='lat' dir='ltr'>paulo</span> <span class='ocrx_word' id='word_1_89' title='bbox 699 1164 774 1224; x_wconf 89' lang='lat' dir='ltr'>ante</span> <span class='ocrx_word' id='word_1_90' title='bbox 805 1164 915 1225; x_wconf 89' lang='lat' dir='ltr'>vectus</span> <span class='ocrx_word' id='word_1_91' title='bbox 947 1162 980 1224; x_wconf 89' lang='lat' dir='ltr'>et</span> <span class='ocrx_word' id='word_1_92' title='bbox 1009 1161 1144 1225; x_wconf 90' lang='lat' dir='ltr'>deorum</span> 
     </span>
     <span class='ocr_line' id='line_1_13' title="bbox 132 1247 1144 1332; baseline 0.002 -22"><span class='ocrx_word' id='word_1_93' title='bbox 132 1248 281 1331; x_wconf 89' lang='lat' dir='ltr'>auspiciis</span> <span class='ocrx_word' id='word_1_94' title='bbox 311 1268 348 1311; x_wconf 88' lang='lat' dir='ltr'>ae</span> <span class='ocrx_word' id='word_1_95' title='bbox 379 1248 444 1311; x_wconf 89' lang='lat' dir='ltr'>suis</span> <span class='ocrx_word' id='word_1_96' title='bbox 473 1247 649 1312; x_wconf 90' lang='lat' dir='ltr'>honoribus</span> <span class='ocrx_word' id='word_1_97' title='bbox 677 1249 781 1313; x_wconf 90' lang='lat' dir='ltr'>cultus</span> <span class='ocrx_word' id='word_1_98' title='bbox 809 1249 898 1313; x_wconf 88' lang='lat' dir='ltr'>nulla</span> <span class='ocrx_word' id='word_1_99' title='bbox 926 1251 1057 1312; x_wconf 88' lang='lat' dir='ltr'>externa</span> <span class='ocrx_word' id='word_1_100' title='bbox 1080 1270 1144 1332; x_wconf 89' lang='lat' dir='ltr'>ope</span> 
     </span>
     <span class='ocr_line' id='line_1_14' title="bbox 133 1335 1144 1417; baseline 0.002 -20"><span class='ocrx_word' id='word_1_101' title='bbox 133 1335 262 1398; x_wconf 89' lang='lat' dir='ltr'>admota</span> <span class='ocrx_word' id='word_1_102' title='bbox 289 1335 433 1417; x_wconf 82' lang='lat' dir='ltr'>captivus</span> <span class='ocrx_word' id='word_1_103' title='bbox 462 1355 624 1398; x_wconf 83' lang='lat' dir='ltr'>servorum</span> <span class='ocrx_word' id='word_1_104' title='bbox 651 1357 781 1399; x_wconf 89' lang='lat' dir='ltr'>suorum</span> <span class='ocrx_word' id='word_1_105' title='bbox 808 1336 843 1399; x_wconf 88' lang='lat' dir='ltr'>in</span> <span class='ocrx_word' id='word_1_106' title='bbox 867 1336 1030 1400; x_wconf 87' lang='lat' dir='ltr'>sordidum</span> <span class='ocrx_word' id='word_1_107' title='bbox 1052 1336 1144 1399; x_wconf 86' lang='lat' dir='ltr'>vehi·</span> 
     </span>
    </p>

    <p class='ocr_par' dir='ltr' id='par_1_6' title="bbox 82 1418 1144 1682">
     <span class='ocr_line' id='line_1_15' title="bbox 82 1418 1144 1506; baseline -0.001 -17"><span class='ocrx_word' id='word_1_108' title='bbox 82 1442 112 1489; x_wconf 78' lang='lat'>17</span> <span class='ocrx_word' id='word_1_109' title='bbox 133 1423 240 1485; x_wconf 91' lang='lat' dir='ltr'>culum</span> <span class='ocrx_word' id='word_1_110' title='bbox 260 1418 408 1506; x_wconf 76' lang='lat' dir='ltr'>[pellibus</span> <span class='ocrx_word' id='word_1_111' title='bbox 429 1422 568 1505; x_wconf 91' lang='lat' dir='ltr'>undique</span> <span class='ocrx_word' id='word_1_112' title='bbox 587 1426 766 1503; x_wconf 86' lang='lat' dir='ltr'>contectus]</span> <span class='ocrx_word' id='word_1_113' title='bbox 789 1424 964 1506; x_wconf 86' lang='lat' dir='ltr'>inponitur.</span> <span class='ocrx_word' id='word_1_114' title='bbox 1002 1422 1144 1488; x_wconf 87' lang='lat' dir='ltr'>Pecunia</span> 
     </span>
     <span class='ocr_line' id='line_1_16' title="bbox 132 1509 1143 1594; baseline 0.003 -22"><span class='ocrx_word' id='word_1_115' title='bbox 132 1510 217 1593; x_wconf 92' lang='lat' dir='ltr'>regis</span> <span class='ocrx_word' id='word_1_116' title='bbox 245 1513 277 1572; x_wconf 91' lang='lat' dir='ltr'>et</span> <span class='ocrx_word' id='word_1_117' title='bbox 304 1510 446 1592; x_wconf 84' lang='lat' dir='ltr'>supellex</span> <span class='ocrx_word' id='word_1_118' title='bbox 473 1510 564 1592; x_wconf 88' lang='lat' dir='ltr'>quasi</span> <span class='ocrx_word' id='word_1_119' title='bbox 586 1509 663 1574; x_wconf 88' lang='lat' dir='ltr'>belli</span> <span class='ocrx_word' id='word_1_120' title='bbox 684 1511 752 1574; x_wconf 93' lang='lat' dir='ltr'>iure</span> <span class='ocrx_word' id='word_1_121' title='bbox 776 1511 936 1594; x_wconf 89' lang='lat' dir='ltr'>diripitur,</span> <span class='ocrx_word' id='word_1_122' title='bbox 969 1511 1143 1594; x_wconf 87' lang='lat' dir='ltr'>onustique</span> 
     </span>
     <span class='ocr_line' id='line_1_17' title="bbox 132 1596 1143 1682; baseline 0.002 -22"><span class='ocrx_word' id='word_1_123' title='bbox 132 1596 251 1679; x_wconf 88' lang='lat' dir='ltr'>praeda</span> <span class='ocrx_word' id='word_1_124' title='bbox 286 1618 343 1680; x_wconf 94' lang='lat' dir='ltr'>per</span> <span class='ocrx_word' id='word_1_125' title='bbox 380 1598 482 1661; x_wconf 90' lang='lat' dir='ltr'>scelus</span> <span class='ocrx_word' id='word_1_126' title='bbox 514 1597 661 1661; x_wconf 91' lang='lat' dir='ltr'>ultimum</span> <span class='ocrx_word' id='word_1_127' title='bbox 691 1601 785 1681; x_wconf 91' lang='lat' dir='ltr'>parta</span> <span class='ocrx_word' id='word_1_128' title='bbox 816 1598 928 1682; x_wconf 86' lang='lat' dir='ltr'>fugam</span> <span class='ocrx_word' id='word_1_129' title='bbox 959 1599 1143 1662; x_wconf 88' lang='lat' dir='ltr'>intendunt.</span> 
     </span>
    </p>

    <p class='ocr_par' dir='ltr' id='par_1_7' title="bbox 82 1684 1144 1858">
     <span class='ocr_line' id='line_1_18' title="bbox 82 1684 1143 1770; baseline 0.001 -20"><span class='ocrx_word' id='word_1_130' title='bbox 82 1704 114 1752; x_wconf 84' lang='lat'>18</span> <span class='ocrx_word' id='word_1_131' title='bbox 134 1684 312 1748; x_wconf 84' lang='lat' dir='ltr'>Artabazus</span> <span class='ocrx_word' id='word_1_132' title='bbox 340 1705 411 1748; x_wconf 90' lang='lat' dir='ltr'>eum</span> <span class='ocrx_word' id='word_1_133' title='bbox 433 1685 501 1768; x_wconf 88' lang='lat' dir='ltr'>his,</span> <span class='ocrx_word' id='word_1_134' title='bbox 524 1686 579 1770; x_wconf 91' lang='lat' dir='ltr'>qui</span> <span class='ocrx_word' id='word_1_135' title='bbox 601 1686 735 1769; x_wconf 89' lang='lat' dir='ltr'>imperio</span> <span class='ocrx_word' id='word_1_136' title='bbox 757 1687 927 1770; x_wconf 86' lang='lat' dir='ltr'>parebant,</span> <span class='ocrx_word' id='word_1_137' title='bbox 950 1684 1143 1770; x_wconf 84' lang='lat' dir='ltr'>Graecisque</span> 
     </span>
     <span class='ocr_line' id='line_1_19' title="bbox 133 1772 1144 1858; baseline 0.004 -23"><span class='ocrx_word' id='word_1_138' title='bbox 133 1773 287 1836; x_wconf 88' lang='lat' dir='ltr'>militibus</span> <span class='ocrx_word' id='word_1_139' title='bbox 318 1772 513 1837; x_wconf 86' lang='lat' dir='ltr'>Parthienen</span> <span class='ocrx_word' id='word_1_140' title='bbox 544 1774 687 1858; x_wconf 88' lang='lat' dir='ltr'>petebat,</span> <span class='ocrx_word' id='word_1_141' title='bbox 720 1776 828 1839; x_wconf 91' lang='lat' dir='ltr'>omnia</span> <span class='ocrx_word' id='word_1_142' title='bbox 858 1775 980 1838; x_wconf 92' lang='lat' dir='ltr'>tutiora</span> <span class='ocrx_word' id='word_1_143' title='bbox 1010 1774 1144 1856; x_wconf 87' lang='lat' dir='ltr'>parrici-</span> 
     </span>
    </p>

    <p class='ocr_par' dir='ltr' id='par_1_8' title="bbox 84 1859 1145 2033">
     <span class='ocr_line' id='line_1_20' title="bbox 84 1859 1145 1946; baseline -0.001 -19"><span class='ocrx_word' id='word_1_144' title='bbox 84 1879 114 1927; x_wconf 83' lang='grc'>11</span> <span class='ocrx_word' id='word_1_145' title='bbox 134 1859 245 1924; x_wconf 90' lang='lat' dir='ltr'>darum</span> <span class='ocrx_word' id='word_1_146' title='bbox 268 1861 415 1926; x_wconf 89' lang='lat' dir='ltr'>contuitu</span> <span class='ocrx_word' id='word_1_147' title='bbox 436 1864 535 1926; x_wconf 89' lang='lat' dir='ltr'>ratus.</span> <span class='ocrx_word' id='word_1_148' title='bbox 571 1860 686 1926; x_wconf 89' lang='lat' dir='ltr'>Persae</span> <span class='ocrx_word' id='word_1_149' title='bbox 708 1862 874 1945; x_wconf 88' lang='lat' dir='ltr'>promissis</span> <span class='ocrx_word' id='word_1_150' title='bbox 893 1861 985 1925; x_wconf 88' lang='lat' dir='ltr'>Bessi</span> <span class='ocrx_word' id='word_1_151' title='bbox 1009 1861 1145 1946; x_wconf 90' lang='lat' dir='ltr'>onerati,</span> 
     </span>
     <span class='ocr_line' id='line_1_21' title="bbox 133 1949 1144 2033; baseline 0.002 -22"><span class='ocrx_word' id='word_1_152' title='bbox 133 1949 270 2013; x_wconf 87' lang='lat' dir='ltr'>maxime</span> <span class='ocrx_word' id='word_1_153' title='bbox 294 1949 369 2032; x_wconf 92' lang='lat' dir='ltr'>quia</span> <span class='ocrx_word' id='word_1_154' title='bbox 390 1971 485 2014; x_wconf 91' lang='lat' dir='ltr'>nemo</span> <span class='ocrx_word' id='word_1_155' title='bbox 508 1949 589 2013; x_wconf 88' lang='lat' dir='ltr'>alius</span> <span class='ocrx_word' id='word_1_156' title='bbox 613 1953 689 2032; x_wconf 90' lang='lat' dir='ltr'>erat,</span> <span class='ocrx_word' id='word_1_157' title='bbox 712 1972 806 2033; x_wconf 87' lang='lat' dir='ltr'>quem</span> <span class='ocrx_word' id='word_1_158' title='bbox 827 1953 1043 2032; x_wconf 89' lang='lat' dir='ltr'>sequerentur,</span> <span class='ocrx_word' id='word_1_159' title='bbox 1066 1970 1144 2013; x_wconf 90' lang='lat' dir='ltr'>con-</span> 
     </span>
    </p>

    <p class='ocr_par' dir='ltr' id='par_1_9' title="bbox 86 2036 1145 2120">
     <span class='ocr_line' id='line_1_22' title="bbox 86 2036 1145 2120; baseline 0.006 -23"><span class='ocrx_word' id='word_1_160' title='bbox 86 2052 88 2056; x_wconf 69' lang='lat'>‘</span> <span class='ocrx_word' id='word_1_161' title='bbox 133 2036 264 2100; x_wconf 90' lang='lat' dir='ltr'>iunxere</span> <span class='ocrx_word' id='word_1_162' title='bbox 284 2058 317 2100; x_wconf 91' lang='lat' dir='ltr'>se</span> <span class='ocrx_word' id='word_1_163' title='bbox 333 2036 522 2119; x_wconf 89' lang='lat' dir='ltr'>Bactrianis,</span> <span class='ocrx_word' id='word_1_164' title='bbox 546 2057 661 2120; x_wconf 84' lang='lat' dir='ltr'>agmen</span> <span class='ocrx_word' id='word_1_165' title='bbox 678 2058 787 2101; x_wconf 90' lang='lat' dir='ltr'>eorum</span> <span class='ocrx_word' id='word_1_166' title='bbox 805 2037 901 2101; x_wconf 88' lang='lat' dir='ltr'>tertio</span> <span class='ocrx_word' id='word_1_167' title='bbox 921 2036 1064 2099; x_wconf 89' lang='lat' dir='ltr'>adsecuti</span> <span class='ocrx_word' id='word_1_168' title='bbox 1082 2036 1145 2103; x_wconf 91' lang='lat' dir='ltr'>die.</span> 
     </span>
    </p>

    <p class='ocr_par' dir='ltr' id='par_1_10' title="bbox 81 2121 1145 2294">
     <span class='ocr_line' id='line_1_23' title="bbox 81 2121 1145 2206; baseline -0.001 -17"><span class='ocrx_word' id='word_1_169' title='bbox 81 2143 115 2190; x_wconf 81' lang='lat'>20</span> <span class='ocrx_word' id='word_1_170' title='bbox 133 2121 183 2186; x_wconf 90' lang='lat' dir='ltr'>Ne</span> <span class='ocrx_word' id='word_1_171' title='bbox 212 2127 322 2187; x_wconf 88' lang='lat' dir='ltr'>tamen</span> <span class='ocrx_word' id='word_1_172' title='bbox 348 2123 451 2186; x_wconf 89' lang='lat' dir='ltr'>honos</span> <span class='ocrx_word' id='word_1_173' title='bbox 479 2123 548 2206; x_wconf 85' lang='lat' dir='ltr'>regi</span> <span class='ocrx_word' id='word_1_174' title='bbox 573 2145 642 2186; x_wconf 92' lang='lat' dir='ltr'>non</span> <span class='ocrx_word' id='word_1_175' title='bbox 666 2122 850 2205; x_wconf 89' lang='lat' dir='ltr'>haberetur,</span> <span class='ocrx_word' id='word_1_176' title='bbox 882 2122 986 2185; x_wconf 89' lang='lat' dir='ltr'>aureis</span> <span class='ocrx_word' id='word_1_177' title='bbox 1015 2142 1145 2204; x_wconf 89' lang='lat' dir='ltr'>compe-</span> 
     </span>
     <span class='ocr_line' id='line_1_24' title="bbox 135 2208 1145 2294; baseline 0.003 -22"><span class='ocrx_word' id='word_1_178' title='bbox 135 2209 227 2272; x_wconf 85' lang='lat' dir='ltr'>dibus</span> <span class='ocrx_word' id='word_1_179' title='bbox 250 2208 391 2272; x_wconf 91' lang='lat' dir='ltr'>Dareum</span> <span class='ocrx_word' id='word_1_180' title='bbox 413 2209 569 2290; x_wconf 85' lang='lat' dir='ltr'>vinciunt‚</span> <span class='ocrx_word' id='word_1_181' title='bbox 591 2231 675 2273; x_wconf 86' lang='lat' dir='ltr'>nova</span> <span class='ocrx_word' id='word_1_182' title='bbox 696 2209 834 2272; x_wconf 89' lang='lat' dir='ltr'>ludibria</span> <span class='ocrx_word' id='word_1_183' title='bbox 857 2208 990 2272; x_wconf 85' lang='lat' dir='ltr'>subinde</span> <span class='ocrx_word' id='word_1_184' title='bbox 1014 2211 1145 2294; x_wconf 89' lang='lat' dir='ltr'>excogi-</span> 
     </span>
    </p>
   </div>
   <div class='ocr_carea' id='block_1_3' title="bbox 134 2294 1145 2643">
    <p class='ocr_par' dir='ltr' id='par_1_11' title="bbox 134 2294 1145 2643">
     <span class='ocr_line' id='line_1_25' title="bbox 134 2294 1145 2383; baseline 0.004 -25"><span class='ocrx_word' id='word_1_185' title='bbox 134 2298 223 2359; x_wconf 89' lang='lat' dir='ltr'>tante</span> <span class='ocrx_word' id='word_1_186' title='bbox 245 2295 386 2378; x_wconf 87' lang='lat' dir='ltr'>fortuna,</span> <span class='ocrx_word' id='word_1_187' title='bbox 408 2299 442 2359; x_wconf 89' lang='lat' dir='ltr'>et</span> <span class='ocrx_word' id='word_1_188' title='bbox 462 2318 503 2359; x_wconf 91' lang='grc'>111</span> <span class='ocrx_word' id='word_1_189' title='bbox 525 2294 609 2359; x_wconf 85' lang='lat' dir='ltr'>forte</span> <span class='ocrx_word' id='word_1_190' title='bbox 632 2297 719 2360; x_wconf 88' lang='lat' dir='ltr'>cultu</span> <span class='ocrx_word' id='word_1_191' title='bbox 741 2297 830 2380; x_wconf 91' lang='lat' dir='ltr'>regio</span> <span class='ocrx_word' id='word_1_192' title='bbox 848 2298 958 2379; x_wconf 90' lang='lat' dir='ltr'>posset</span> <span class='ocrx_word' id='word_1_193' title='bbox 976 2294 1145 2383; x_wconf 89' lang='lat' dir='ltr'>adgnosci,</span> 
     </span>
     <span class='ocr_line' id='line_1_26' title="bbox 135 2383 1145 2468; baseline 0.002 -21"><span class='ocrx_word' id='word_1_194' title='bbox 135 2383 269 2447; x_wconf 90' lang='lat' dir='ltr'>sordidis</span> <span class='ocrx_word' id='word_1_195' title='bbox 292 2383 430 2467; x_wconf 87' lang='lat' dir='ltr'>pellibus</span> <span class='ocrx_word' id='word_1_196' title='bbox 451 2383 631 2447; x_wconf 82' lang='lat' dir='ltr'>vehiculum</span> <span class='ocrx_word' id='word_1_197' title='bbox 653 2384 847 2448; x_wconf 78' lang='lat' dir='ltr'>intererant:</span> <span class='ocrx_word' id='word_1_198' title='bbox 869 2383 974 2468; x_wconf 87' lang='lat' dir='ltr'>ignoti</span> <span class='ocrx_word' id='word_1_199' title='bbox 996 2383 1145 2449; x_wconf 87' lang='lat' dir='ltr'>iumenta</span> 
     </span>
     <span class='ocr_line' id='line_1_27' title="bbox 135 2471 1144 2557; baseline 0.002 -23"><span class='ocrx_word' id='word_1_200' title='bbox 135 2472 287 2555; x_wconf 84' lang='lat' dir='ltr'>agebant:</span> <span class='ocrx_word' id='word_1_201' title='bbox 315 2493 356 2535; x_wconf 92' lang='lat' dir='ltr'>ne</span> <span class='ocrx_word' id='word_1_202' title='bbox 378 2471 642 2556; x_wconf 89' lang='lat' dir='ltr'>percontantibus</span> <span class='ocrx_word' id='word_1_203' title='bbox 663 2472 699 2535; x_wconf 94' lang='lat' dir='ltr'>in</span> <span class='ocrx_word' id='word_1_204' title='bbox 721 2472 849 2557; x_wconf 87' lang='lat' dir='ltr'>agmine</span> <span class='ocrx_word' id='word_1_205' title='bbox 871 2471 1045 2536; x_wconf 88' lang='lat' dir='ltr'>monstrari</span> <span class='ocrx_word' id='word_1_206' title='bbox 1067 2493 1144 2554; x_wconf 91' lang='lat' dir='ltr'>pos-</span> 
     </span>
     <span class='ocr_line' id='line_1_28' title="bbox 135 2560 748 2643; baseline 0.003 -20"><span class='ocrx_word' id='word_1_207' title='bbox 135 2563 197 2642; x_wconf 90' lang='lat' dir='ltr'>set,</span> <span class='ocrx_word' id='word_1_208' title='bbox 220 2560 368 2624; x_wconf 89' lang='lat' dir='ltr'>custodes</span> <span class='ocrx_word' id='word_1_209' title='bbox 390 2562 503 2643; x_wconf 87' lang='lat' dir='ltr'>procul</span> <span class='ocrx_word' id='word_1_210' title='bbox 526 2560 748 2643; x_wconf 86' lang='lat' dir='ltr'>sequebantur.</span> 
     </span>
    </p>
   </div>
   <div class='ocr_carea' id='block_1_4' title="bbox 544 2704 733 2781">
    <p class='ocr_par' dir='ltr' id='par_1_12' title="bbox 544 2704 733 2781">
     <span class='ocr_line' id='line_1_29' title="bbox 544 2704 733 2781; baseline 0 0"><span class='ocrx_word' id='word_1_211' title='bbox 544 2704 622 2781; x_wconf 76' lang='grc'><strong>011.</strong></span> <span class='ocrx_word' id='word_1_212' title='bbox 644 2717 733 2781; x_wconf 90' lang='lat' dir='ltr'><strong>XIII.</strong></span> 
     </span>
    </p>
   </div>
   <div class='ocr_carea' id='block_1_5' title="bbox 100 2820 1200 3607">
    <p class='ocr_par' dir='ltr' id='par_1_13' title="bbox 100 2820 1200 2923">
     <span class='ocr_line' id='line_1_30' title="bbox 100 2820 1200 2923; baseline 0.002 -35"><span class='ocrx_word' id='word_1_213' title='bbox 100 2840 114 2888; x_wconf 94' lang='lat'>1</span> <span class='ocrx_word' id='word_1_214' title='bbox 191 2907 198 2920; x_wconf 39' lang='lat'><strong>·</strong></span> <span class='ocrx_word' id='word_1_215' title='bbox 223 2820 405 2922; x_wconf 80' lang='lat' dir='ltr'>Alexander</span> <span class='ocrx_word' id='word_1_216' title='bbox 427 2821 545 2905; x_wconf 86' lang='lat' dir='ltr'>audite,</span> <span class='ocrx_word' id='word_1_217' title='bbox 566 2822 868 2923; x_wconf 80' lang='lat' dir='ltr'>Dareummovisse</span> <span class='ocrx_word' id='word_1_218' title='bbox 892 2823 932 2888; x_wconf 95' lang='lat' dir='ltr'>ab</span> <span class='ocrx_word' id='word_1_219' title='bbox 954 2821 1143 2923; x_wconf 81' lang='lat' dir='ltr'>Ecbatanis,</span> <span class='ocrx_word' id='word_1_220' title='bbox 1153 2824 1200 2890; x_wconf 82' lang='lat'>35</span> 
     </span>
    </p>

    <p class='ocr_par' dir='ltr' id='par_1_14' title="bbox 100 2909 1145 3168">
     <span class='ocr_line' id='line_1_31' title="bbox 100 2909 1144 3081; baseline -0.003 -18"><span class='ocrx_word' id='word_1_221' title='bbox 100 2909 1144 3081; x_wconf 54' lang='grc' dir='ltr'><strong>111111111111111111Ῑὶ11111111111</strong></span> 
     </span>
     <span class='ocr_line' id='line_1_32' title="bbox 134 3083 1145 3168; baseline 0.004 -23"><span class='ocrx_word' id='word_1_222' title='bbox 134 3086 300 3146; x_wconf 89' lang='lat' dir='ltr'>raetaeene</span> <span class='ocrx_word' id='word_1_223' title='bbox 323 3083 436 3146; x_wconf 88' lang='lat' dir='ltr'>ultima</span> <span class='ocrx_word' id='word_1_224' title='bbox 461 3120 499 3129; x_wconf 96' lang='lat'><em>-</em></span> <span class='ocrx_word' id='word_1_225' title='bbox 524 3085 682 3168; x_wconf 87' lang='lat' dir='ltr'>pervenit:</span> <span class='ocrx_word' id='word_1_226' title='bbox 714 3084 760 3147; x_wconf 91' lang='lat' dir='ltr'>ibi</span> <span class='ocrx_word' id='word_1_227' title='bbox 781 3085 969 3168; x_wconf 85' lang='lat' dir='ltr'>transfugae</span> <span class='ocrx_word' id='word_1_228' title='bbox 991 3086 1145 3150; x_wconf 86' lang='lat' dir='ltr'>nuntiant</span> 
     </span>
    </p>

    <p class='ocr_par' dir='ltr' id='par_1_15' title="bbox 100 3169 1146 3430">
     <span class='ocr_line' id='line_1_33' title="bbox 100 3169 1144 3254; baseline 0.003 -21"><span class='ocrx_word' id='word_1_229' title='bbox 100 3193 116 3240; x_wconf 82' lang='lat'><strong>3</strong></span> <span class='ocrx_word' id='word_1_230' title='bbox 134 3171 342 3254; x_wconf 89' lang='lat' dir='ltr'>praeeipitem</span> <span class='ocrx_word' id='word_1_231' title='bbox 363 3169 442 3254; x_wconf 86' lang='lat' dir='ltr'>fuga</span> <span class='ocrx_word' id='word_1_232' title='bbox 464 3169 582 3235; x_wconf 92' lang='lat' dir='ltr'>Bactra</span> <span class='ocrx_word' id='word_1_233' title='bbox 603 3175 710 3254; x_wconf 91' lang='lat' dir='ltr'>petere</span> <span class='ocrx_word' id='word_1_234' title='bbox 732 3170 882 3235; x_wconf 87' lang='lat' dir='ltr'>Dareum.</span> <span class='ocrx_word' id='word_1_235' title='bbox 921 3170 1067 3237; x_wconf 80' lang='lat' dir='ltr'>Certiora</span> <span class='ocrx_word' id='word_1_236' title='bbox 1090 3173 1144 3236; x_wconf 90' lang='lat' dir='ltr'>de·</span> 
     </span>
     <span class='ocr_line' id='line_1_34' title="bbox 134 3257 1144 3360; baseline 0.003 -39"><span class='ocrx_word' id='word_1_237' title='bbox 134 3258 208 3359; x_wconf 84' lang='lat' dir='ltr'>inde</span> <span class='ocrx_word' id='word_1_238' title='bbox 236 3258 401 3343; x_wconf 89' lang='lat' dir='ltr'>cognoscit</span> <span class='ocrx_word' id='word_1_239' title='bbox 428 3280 466 3322; x_wconf 86' lang='lat' dir='ltr'>ex</span> <span class='ocrx_word' id='word_1_240' title='bbox 488 3258 668 3360; x_wconf 41' lang='lat' dir='ltr'>Bagistane,</span> <span class='ocrx_word' id='word_1_241' title='bbox 686 3257 882 3342; x_wconf 84' lang='lat' dir='ltr'>Babylonio:</span> <span class='ocrx_word' id='word_1_242' title='bbox 909 3279 973 3324; x_wconf 80' lang='lat' dir='ltr'>oca</span> <span class='ocrx_word' id='word_1_243' title='bbox 995 3259 1144 3360; x_wconf 80' lang='lat' dir='ltr'>equidem</span> 
     </span>
     <span class='ocr_line' id='line_1_35' title="bbox 134 3347 1146 3430; baseline 0.002 -20"><span class='ocrx_word' id='word_1_244' title='bbox 134 3349 278 3410; x_wconf 87' lang='lat' dir='ltr'>vrnctum</span> <span class='ocrx_word' id='word_1_245' title='bbox 304 3366 426 3430; x_wconf 89' lang='lat' dir='ltr'>regem,</span> <span class='ocrx_word' id='word_1_246' title='bbox 458 3347 514 3409; x_wconf 88' lang='lat' dir='ltr'>sed</span> <span class='ocrx_word' id='word_1_247' title='bbox 540 3369 575 3410; x_wconf 90' lang='lat' dir='ltr'>m</span> <span class='ocrx_word' id='word_1_248' title='bbox 602 3347 742 3430; x_wconf 80' lang='lat' dir='ltr'>periculo</span> <span class='ocrx_word' id='word_1_249' title='bbox 771 3367 839 3410; x_wconf 89' lang='lat' dir='ltr'>esse</span> <span class='ocrx_word' id='word_1_250' title='bbox 867 3349 923 3410; x_wconf 89' lang='lat' dir='ltr'>aut</span> <span class='ocrx_word' id='word_1_251' title='bbox 949 3351 1062 3411; x_wconf 87' lang='lat' dir='ltr'>mortrs</span> <span class='ocrx_word' id='word_1_252' title='bbox 1086 3351 1146 3412; x_wconf 91' lang='lat' dir='ltr'>aut</span> 
     </span>
    </p>

    <p class='ocr_par' dir='ltr' id='par_1_16' title="bbox 100 3433 1146 3607">
     <span class='ocr_line' id='line_1_36' title="bbox 100 3433 1144 3516; baseline -0.003 -15"><span class='ocrx_word' id='word_1_253' title='bbox 100 3455 117 3502; x_wconf 78' lang='lat'><strong>4</strong></span> <span class='ocrx_word' id='word_1_254' title='bbox 135 3436 335 3499; x_wconf 87' lang='lat' dir='ltr'>vinculorum</span> <span class='ocrx_word' id='word_1_255' title='bbox 353 3433 551 3498; x_wconf 87' lang='lat' dir='ltr'>adfirmabat</span> <span class='ocrx_word' id='word_1_256' title='bbox 586 3433 655 3498; x_wconf 86' lang='lat' dir='ltr'>Rex</span> <span class='ocrx_word' id='word_1_257' title='bbox 673 3433 804 3499; x_wconf 87' lang='lat' dir='ltr'>ducibus</span> <span class='ocrx_word' id='word_1_258' title='bbox 821 3435 1012 3516; x_wconf 87' lang='lat' dir='ltr'>convocatis,</span> <span class='ocrx_word' id='word_1_259' title='bbox 1031 3433 1144 3498; x_wconf 76' lang='lat' dir='ltr'>‘Maxi-</span> 
     </span>
     <span class='ocr_line' id='line_1_37' title="bbox 135 3521 1146 3607; baseline 0.003 -22"><span class='ocrx_word' id='word_1_260' title='bbox 135 3521 244 3607; x_wconf 91' lang='lat' dir='ltr'>mum&#39;,</span> <span class='ocrx_word' id='word_1_261' title='bbox 270 3522 388 3607; x_wconf 89' lang='lat' dir='ltr'>inquit,</span> <span class='ocrx_word' id='word_1_262' title='bbox 421 3521 526 3605; x_wconf 74' lang='lat' dir='ltr'>‘opus,</span> <span class='ocrx_word' id='word_1_263' title='bbox 558 3522 613 3585; x_wconf 87' lang='lat' dir='ltr'>sed</span> <span class='ocrx_word' id='word_1_264' title='bbox 640 3521 732 3587; x_wconf 87' lang='lat' dir='ltr'>labor</span> <span class='ocrx_word' id='word_1_265' title='bbox 758 3521 965 3588; x_wconf 85' lang='lat' dir='ltr'>brevissimus</span> <span class='ocrx_word' id='word_1_266' title='bbox 989 3525 1146 3604; x_wconf 83' lang='lat' dir='ltr'>superest.</span> 
     </span>
    </p>
   </div>
   <div class='ocr_carea' id='block_1_6' title="bbox 0 0 1231 3908">
    <p class='ocr_par' dir='ltr' id='par_1_17' title="bbox 0 0 1231 3908">
     <span class='ocr_line' id='line_1_38' title="bbox 0 0 1231 3908; baseline 0 0"><span class='ocrx_word' id='word_1_267' title='bbox 0 0 1231 3908; x_wconf 95' lang='lat' dir='ltr'> </span> 
     </span>
    </p>
   </div>
  </div>
 </body>
</html>
