2444 3908
272 153 526 209 HISTORIARUM
543 153 757 208 ALEXANDRI
774 153 821 224 VI,
842 160 865 208 1.
889 160 914 208 2.
1037 153 1099 216 117

88 301 206 383 tamen,
229 298 304 382 quia
322 297 461 362 maiores
481 301 580 381 erant,
600 319 696 381 quam
715 319 794 380 quas
812 297 968 381 praefecti
986 298 1100 362 modus

90 390 227 469 caperet,
245 386 418 450 metuebat.
454 385 579 469 Quippe
593 386 775 449 Alexander
788 385 898 450 hostes
913 386 997 450 vinci
1011 387 1099 450 volu·
1120 398 1152 446 18

89 477 172 557 crat,
199 473 410 558 Antipatrum
437 473 554 538 vicisse
584 495 625 537 ne
653 475 771 538 tacitus
801 474 925 557 quidem
955 474 1100 559 indigna·

89 563 195 646 batur,
218 583 294 626 suae
312 563 478 645 demptum
497 561 620 646 gloriae
640 562 843 645 existimans,
861 561 1014 646 quidquid
1033 583 1100 627 ces-

90 651 187 715 sisset
215 650 347 715 alienae.
401 649 515 734 Itaque
547 650 735 733 Antipater,
771 649 827 733 qui
858 650 959 732 probe
990 654 1102 715 nosset
1121 671 1153 719 19

90 738 223 821 spiritus
242 738 320 819 eius,
337 759 402 802 non
421 741 471 802 est
485 758 582 803 ausus
595 739 664 821 ipse
679 759 774 822 agere
789 737 922 801 arbitria
937 738 1102 821 victoriae,

90 826 145 890 sed
164 826 333 890 concilium
353 825 558 908 Graecorum,
578 826 654 910 quid
673 825 742 889 fieri
760 825 912 908 placeret,
931 826 1100 890 consuluit.

90 913 120 977 A
148 935 211 998 qno
238 913 485 979 Lacedaemonii
512 914 595 978 nihil
628 913 729 996 aliud,
762 935 858 997 quam
884 918 921 978 ut
954 917 1099 978 oratores
1119 935 1153 983 ao

90 1003 219 1066 mittere
235 1002 274 1066 ad
292 1021 403 1085 regem
418 1003 538 1086 liceret,
556 1002 693 1084 precati:
713 1024 732 1065 a
749 1021 826 1084 rege
846 1005 954 1065 autem
972 1002 1100 1065 veniam
1185 1007 1189 1022 '

91 1089 277 1154 defectionis
300 1093 431 1173 praeter
454 1094 601 1155 auctores
623 1090 876 1171 inpetraverunt.
915 1088 1101 1174 Megalopo-

90 1178 211 1260 litanis,
234 1199 368 1262 quorum
391 1179 468 1241 urbs
492 1178 626 1242 obsessa
649 1181 720 1241 erat
743 1199 762 1241 a
784 1177 971 1241 defectionis
995 1178 1101 1261 sociis,

90 1265 211 1330 Achaei
231 1270 264 1329 et
281 1264 354 1330 Elei
373 1269 501 1330 centum
520 1288 563 1329 xx
580 1267 706 1330 talenta
724 1265 800 1329 dare
819 1265 899 1329 iussi
919 1268 1003 1329 sunt.
1037 1264 1101 1330 Hic
1120 1276 1149 1325 21

90 1353 153 1417 fuit
167 1353 268 1417 exitus
282 1353 370 1437 belli,
385 1354 469 1438 quod
483 1357 614 1436 repente
629 1357 737 1418 ortum
751 1353 841 1436 prius
855 1356 964 1417 tamen
973 1353 1100 1417 finitum

91 1445 153 1525 est,
180 1463 276 1525 quam
298 1441 442 1506 Dareum
464 1441 647 1507 Alexander
675 1441 758 1524 apud
781 1441 904 1506 Arbela
927 1445 1101 1524 superaret.

525 1598 604 1665 Ona.
627 1599 668 1664 Π.

59 1709 81 1771 4
180 1704 242 1769 Sed
256 1708 294 1769 ut
306 1705 447 1787 primum
461 1705 659 1769 instantibus
674 1705 759 1768 curis
773 1705 901 1769 laxatus
915 1708 965 1769 est
974 1705 1099 1769 animus
1120 1716 1135 1764 1

91 1792 282 1856 militarium
304 1813 412 1855 rerum
435 1814 532 1874 quam
556 1792 674 1875 quictis
697 1792 818 1875 otiique
841 1793 1026 1875 patientior,
1050 1815 1099 1858 ex·

92 1900 203 1963 cepere
227 1899 300 1942 eum
323 1878 521 1961 voluptateS,
545 1883 590 1962 et,
614 1901 708 1962 quem
732 1901 823 1943 arma
840 1879 1012 1944 Persarum
1036 1902 1101 1944 non

91 1969 270 2050 fregerant,
296 1966 377 2030 vitia
399 1966 557 2030 vicerunt:
583 1967 776 2050 tempestiva
804 1967 951 2032 convivia
975 1970 1007 2031 et
1029 1981 1136 2052 per-a

90 2055 225 2139 potandi
260 2054 539 2138 pervigilandique
578 2054 693 2118 insana
729 2054 862 2119 dulcedo
901 2054 1031 2138 ludique
1069 2060 1101 2121 et

91 2163 206 2228 greges
234 2143 382 2226 pelicum.
432 2141 549 2206 Omnia
575 2142 610 2205 in
637 2147 804 2206 extumum
836 2143 929 2225 lapsa
963 2164 1101 2207 morem:

91 2253 186 2315 quom
221 2232 402 2296 aemulatus
430 2231 524 2313 quasi
549 2229 710 2314 potiorem
738 2252 795 2295 suo
822 2231 870 2293 ita
894 2230 1099 2313 popularium

93 2320 219 2384 animos
243 2320 416 2402 oculosque
439 2318 562 2402 pariter
584 2318 727 2402 offendit,
749 2322 787 2382 ut
805 2341 825 2383 a
841 2319 1003 2402 plerisque
1024 2320 1102 2382 ami·

91 2428 201 2472 corum
217 2429 276 2489 pro
290 2406 386 2470 hoste
399 2405 582 2470 haberetur.
619 2405 761 2469 Tenaces
777 2407 894 2489 quippe
910 2405 1100 2488 disciplinae
1118 2421 1136 2467 o

92 2517 168 2560 suae
196 2493 372 2578 solitosque
401 2516 499 2576 parco
532 2515 569 2556 ao
596 2493 734 2576 parabili
761 2493 849 2556 victu
880 2492 919 2555 ad
947 2494 1100 2575 inplenda

89 2586 225 2647 naturae
250 2582 409 2647 desideria
431 2580 564 2662 defungi
586 2581 621 2642 in
643 2579 812 2663 peregrina
841 2582 873 2642 et
901 2579 1099 2644 devictarum

91 2671 236 2756 gentium
263 2669 350 2733 mala
372 2668 544 2751 inpulerat.
590 2665 675 2730 Hinc
699 2668 826 2748 saepius
851 2671 1041 2749 conparatae
1065 2668 1135 2732 inc

91 2762 188 2842 caput
212 2757 280 2821 eius
304 2755 453 2838 insidiae,
481 2754 618 2819 secessio
642 2754 784 2818 militum
807 2758 840 2818 et
861 2755 992 2819 liberior
1014 2757 1099 2820 inter

93 2849 221 2909 mutuas
245 2843 405 2926 querellas
430 2843 532 2926 dolor,
554 2843 656 2925 ipsius
680 2842 792 2907 deinde
815 2864 900 2907 nunc
927 2844 988 2927 ira,
1015 2866 1099 2908 nunc

92 2933 305 3015 suspicioneS,
333 2953 412 3014 quas
440 2931 602 2994 excitabat
630 2930 832 2994 inconsultus
855 2953 956 3014 pavor
978 2935 1099 2996 cetera-

60 3024 153 3105 bque
171 3018 222 3082 his
242 3018 371 3102 similia,
391 3039 471 3102 quae
490 3019 601 3082 deinde
621 3019 773 3083 dicentur.
805 3019 911 3102 Igitur
929 3041 1000 3083 cum
1019 3025 1097 3084 tem·
1118 3038 1133 3085 5

89 3108 226 3192 pestivis
255 3106 410 3172 conviviis
439 3107 505 3170 dics
533 3107 657 3191 pariter
688 3112 861 3190 noctesque
890 3116 1099 3189 consumeret,

90 3199 276 3262 satietatem
295 3195 463 3278 epularum
482 3196 566 3259 ludis
585 3196 825 3278 interpellabat:
845 3217 910 3259 non
930 3201 1098 3260 contentus

91 3286 265 3367 artificum,
298 3305 378 3368 quos
412 3306 428 3347 e
461 3282 596 3348 Graecia
630 3284 801 3365 exciverat,
833 3285 943 3346 turba:
981 3285 1098 3366 quippe

92 3373 236 3455 captivae
260 3374 455 3437 iubebantur
474 3394 530 3435 suo
549 3372 614 3435 ritu
634 3394 746 3435 canere
770 3372 968 3435 inconditum
993 3376 1025 3434 et
1045 3372 1098 3433 ab·

90 3459 226 3524 horrens
249 3461 429 3545 peregrinis
453 3460 584 3524 auribus
608 3482 746 3524 carmen.
791 3459 881 3522 Inter
902 3481 981 3541 quas
1001 3480 1097 3520 unam
1117 3478 1132 3524 6

89 3569 148 3612 rex
165 3547 248 3612 forte
267 3548 435 3631 conspexit
452 3549 657 3611 maestiorem
678 3570 773 3630 quam
791 3551 911 3609 ceteras
932 3550 963 3608 et
981 3547 1096 3629 produ-
