2408 3944
274 150 525 218 HISTORIARUM
543 151 758 206 ALEXANDRI
776 151 836 221 VII,
857 157 883 208 7.
1015 154 1078 218 173

70 295 143 361 Tibi
167 298 275 359 antem
298 295 438 379 quietius
462 316 559 377 quam
576 315 640 376 por
657 299 708 359 est
726 294 894 361 denuntior
915 295 980 380 ipsi
997 298 1077 362 mihi
1096 319 1129 367 25

74 388 141 449 ium
164 383 299 464 indices,
326 382 404 466 quid
427 383 507 447 extis
531 383 729 466 cognoveris,
751 405 792 447 ne
814 384 919 467 possis
942 385 1078 450 infitiari

71 471 205 555 dixisse,
222 492 304 555 quae
322 468 461 534 dixeris?
489 469 549 533 Ille
568 471 722 554 exanguis
741 471 944 556 attonitoque
962 474 1076 538 similis
1096 495 1128 543 aa

70 559 182 624 stabat
207 580 265 642 per
296 561 418 622 metum
446 558 543 621 etiarn
575 579 654 622 voce
686 579 858 641 suppressa
885 560 1078 645 tandemque

69 647 183 711 eodem
205 649 294 710 metu
315 646 513 720 stimulante,
535 666 576 709 ne
595 646 681 729 regis
700 647 954 730 expectationem
972 670 1076 712 mora·
1155 693 1159 700 -

70 737 173 818 retur,
201 732 358 818 ‘Magni',
384 734 503 817 inquit,
532 731 677 816 laboris,
706 753 773 798 non
795 733 887 798 inriti
909 734 1078 800 discrimen

71 824 193 887 instare
220 821 376 904 praedixi:
404 842 462 886 nec
490 841 540 885 me
568 843 620 885 ars
642 843 715 886 mea
742 843 838 905 quam
860 822 1079 889 benivolentia

71 910 249 994 perturbat.
281 909 507 973 Infirmitatem
519 909 706 973 valitudinis
725 912 799 974 tuae
814 909 906 974 video
921 915 962 993 ct,
980 933 1078 994 quan·
1096 934 1128 982 av

71 1003 141 1062 tum
159 998 194 1061 in
210 1019 276 1062 uno
294 1001 328 1061 te
347 997 401 1080 sit,
425 997 500 1061 scio.
533 995 670 1079 Vereor,
688 1019 728 1061 ne
747 998 910 1079 praesenti
928 998 1078 1064 fortunae

72 1087 175 1166 [tuae]
199 1085 345 1150 sufficere
366 1104 432 1148 non
453 1082 578 1168 possis?
617 1084 685 1148 Rex
707 1085 803 1149 iussit
826 1107 899 1150 eum
922 1087 1079 1151 confidere
1098 1108 1131 1156 28

72 1173 221 1237 felicitati
239 1194 328 1237 suae:
352 1172 392 1236 ad
411 1172 475 1235 alia
492 1173 578 1250 aliia,
600 1172 663 1236 sibi
683 1173 724 1237 ad
747 1172 884 1256 gloriam
907 1175 1079 1240 concedere

73 1262 158 1326 deos.
208 1258 413 1326 Consultanti
444 1260 519 1324 inde
552 1281 623 1324 cum
653 1259 783 1343 iisdem,
815 1282 955 1345 quonam
982 1263 1077 1327 modo
1098 1283 1131 1332 29

72 1349 191 1413 flumen
221 1349 408 1430 transirent,
441 1349 626 1432 supervenit
661 1347 866 1432 Aristander,
901 1370 967 1414 non
998 1351 1078 1414 alias

72 1438 207 1502 laetiora
239 1440 312 1500 exta
343 1436 460 1500 vidisse
492 1457 527 1501 se
558 1437 744 1522 adfirmans,
775 1437 886 1521 utique
918 1437 1078 1520 prioribus

71 1524 168 1609 longe
200 1523 338 1589 diversa:
374 1526 444 1588 tum
481 1525 704 1589 sollicitudinis
736 1546 849 1589 causas
882 1525 1079 1609 adparuisse,

72 1634 157 1677 nunc
179 1634 311 1696 prorsus
334 1612 463 1697 egregie
486 1613 617 1676 litatum
640 1633 719 1676 esse.

162 1698 326 1782 Ceterum,
354 1721 433 1784 quae
462 1700 596 1763 subinde
619 1700 769 1777 nuntiata
793 1702 868 1763 sunt
894 1701 978 1783 regi,
1006 1721 1079 1765 con·
1098 1723 1132 1771 30

73 1788 184 1852 tinuae
206 1787 356 1852 felicitati
378 1805 489 1850 rerum·
503 1788 569 1850 eius
588 1787 797 1870 inposuerant
819 1786 935 1852 labem.
972 1787 1078 1851 Mene·
1098 1810 1131 1857 31

74 1876 216 1958 demum,
238 1879 396 1956 utsupra
419 1874 540 1938 dictum
563 1876 626 1957 est,
650 1874 783 1939 miserat
805 1875 845 1938 ad
868 1873 1079 1940 obsidendum

75 1961 290 2046 Spitamenen,
307 1960 496 2026 Bactrianae
511 1961 698 2027 defectionis
718 1965 890 2027 auctorem.
927 1961 988 2037 Qui
1005 1983 1080 2027 con-

73 2056 166 2134 perto
197 2051 301 2115 hostis
333 2050 488 2132 adventu,
523 2071 564 2113 ne
600 2050 701 2113 muris
732 2049 820 2114 urbis
856 2048 1080 2136 includeretur,

75 2140 171 2204 simul
194 2137 296 2202 fretus
320 2137 425 2220 excipi
446 2158 555 2221 posse,
578 2159 643 2220 qua
659 2141 831 2202 venturum
850 2138 986 2222 sciebat,
1008 2160 1081 2203 con-

74 2228 157 2292 sedit
184 2226 336 2292 occultus.
380 2223 533 2291 Silvestre
560 2225 624 2289 iter
646 2227 756 2308 aptum
784 2225 911 2289 insidiis
933 2226 1079 2310 tegendis
1098 2247 1132 2294 32

74 2320 158 2379 erat.
151 2338 158 2352 ·
130 2314 228 2379 tibi
248 2313 357 2378 Dahas
375 2312 528 2379 condidit.
563 2311 649 2396 Equi
670 2312 764 2378 binos
783 2316 925 2378 armatos
943 2314 1078 2379 vehunt:

75 2423 211 2485 quorum
241 2402 380 2466 invicem
412 2400 532 2484 singuli
563 2403 695 2484 repente
726 2400 892 2483 desiliunt,
924 2403 1080 2484 equestris

73 2509 200 2574 pugnae
223 2490 367 2553 ordinem
389 2488 533 2552 turbant.
573 2487 740 2571 Equorum
763 2487 881 2552 velocit
867 2488 928 2551 tati
935 2509 1010 2589 ‘par
1030 2493 1080 2553 est
1099 2510 1132 2558 33

74 2576 239 2641 hominum
259 2576 397 2660 peruicit
399 2596 444 2639 as.
480 2573 549 2638 Hos
563 2572 768 2656 Spitamenes
783 2574 942 2638 saltum
915 2577 1080 2640 c1rcumire

74 2665 178 2729 iussos
206 2665 328 2746 pariter
354 2665 388 2726 et
415 2684 434 2726 a
461 2662 509 2724 lat
511 2661 617 2725 eribus
645 2666 679 2726 et
706 2685 725 2726 a
751 2662 859 2727 fronte
886 2666 919 2726 et
946 2685 965 2727 a
987 2667 1080 2748 tergo

74 2751 163 2817 hosti
176 2751 327 2816 ostendit.
355 2748 561 2814 Menedemus
575 2749 715 2833 undique
728 2749 880 2833 inclusus,
892 2772 933 2815 ne
946 2773 1080 2816 numero
1100 2773 1134 2821 34

75 2839 204 2922 quidem
226 2860 297 2921 par,
325 2837 379 2901 diu
406 2841 516 2901 tamen
538 2837 675 2920 resistit,
698 2838 867 2902 clamitans
889 2838 972 2902 nihil
995 2840 1081 2904 aliud

76 2946 241 3010 superesse
258 2926 400 2989 locorum
419 2925 531 2990 fraude
544 2924 696 3009 deceptis,
714 2947 811 3008 quam
829 2926 984 2990 honestae
997 2950 1080 2992 mor-

76 3014 120 3078 tis
135 3013 290 3078 solacium
304 3034 343 3078 ex
356 3012 498 3077 hostium
514 3013 618 3077 caede.
649 3012 761 3096 Ipsum
775 3015 965 3096 praevalens
981 3036 1080 3098 equus
1100 3036 1133 3084 35

74 3101 226 3185 vehebat,
259 3122 321 3185 quo
354 3101 482 3184 saepius
514 3100 548 3163 in
579 3122 696 3165 cuneos
727 3101 940 3167 barbarorum
973 3103 1081 3166 effusis

74 3190 211 3255 habenis
235 3193 326 3254 evect
327 3210 365 3253 us
387 3208 506 3272 magna
529 3191 636 3272 strage
660 3210 715 3254 eos
741 3189 878 3255 fuderat.
924 3187 986 3255 Sed
1009 3211 1082 3254 cum
1101 3211 1133 3258 36

75 3300 174 3342 unum
211 3298 323 3342 omnes
359 3279 518 3360 peterent,
555 3277 666 3341 multis
703 3278 888 3343 vulneribus
925 3277 1081 3359 exanguis

76 3362 256 3449 Hypsidem
293 3365 451 3450 quendam
487 3385 526 3428 ex
558 3364 669 3428 amicis
701 3364 776 3431 hort
762 3369 849 3430 tatus
883 3368 945 3448 est,
980 3369 1017 3427 ut
1049 3364 1083 3426 in

76 3474 192 3536 equum
224 3474 317 3517 suum
349 3452 596 3517 ascenderett
563 3455 596 3516 et
628 3473 663 3516 se
689 3452 769 3537 fuga
796 3453 943 3536 eriperet.
920 3449 1082 3516 tHaec

76 3543 224 3625 agentem
249 3540 358 3605 anima
381 3539 496 3604 defecit
525 3561 703 3625 corpusque
727 3561 765 3604 ex
789 3561 870 3622 equo
894 3537 1057 3602 defluxit
1047 3561 1095 3599 m
