2444 3908
178 151 220 213 32
553 153 584 218 Q.
604 151 712 206 cunni
729 152 815 206 RUFI

178 295 264 358 tibus
287 295 388 378 facta,
421 294 503 359 serio
530 296 596 358 iam
618 317 674 358 rex
695 295 809 359 iisdem
832 295 1061 360 comitantibus
1085 296 1122 361 in
1146 319 1196 362 re·

126 401 160 450 24
179 382 265 466 giam
293 383 446 464 pervenit.
490 382 591 446 Fama
618 382 745 466 deinde,
776 386 813 446 ut
840 385 935 466 solet,
968 387 1098 448 strenue
1120 388 1196 450 tota

178 469 255 531 urbe
288 470 444 534 discurrit.
481 468 628 534 Aliorum
658 471 812 548 studium,
844 471 981 535 aliorum
1007 471 1195 555 indignatio

179 556 352 620 eminebat:
391 556 600 621 divitissimus
630 558 762 642 quisque
788 558 1004 622 humilitatem
1030 559 1195 643 inopiam-

126 663 160 711 25
179 665 240 726 que
272 645 340 707 eius
370 644 455 727 apud
483 645 602 708 amicos
633 645 809 709 Alexandri
838 645 1078 709 criminabatur.
1125 647 1195 712 Ad-

177 731 264 794 mitti
301 754 374 795 eum
405 753 461 796 rex
491 732 639 815 protinus
669 733 763 796 iussit
794 733 911 815 diuque
943 735 1197 817 contemplatus,

179 817 367 903 ‘Corporis',
394 818 512 903 inquit,
542 819 688 883 ‘habitus
715 821 820 884 famae
847 820 974 904 generis
1001 842 1069 885 nou
1097 843 1195 906 repu-

179 910 271 990 gnat:
303 908 358 972 sed
382 908 465 970 'libet
487 907 580 990 scire,
606 908 748 990 inopiam
772 930 835 990 qua
857 907 1015 990 patientia
1036 909 1196 975 tulerisl’

179 994 262 1057 Tum
298 996 365 1076 ille,
398 993 572 1075 ‘Utinam',
606 995 724 1078 inquit,
757 994 880 1059 ‘eodem
912 995 1019 1059 animo
1034 1026 1036 1031 ·
1052 1017 1196 1081 regnum

178 1082 248 1163 pati
269 1082 404 1163 possim!
427 1081 489 1144 hae
512 1103 625 1146 manus
649 1082 800 1146 suffecere
823 1082 978 1146 desiderio
998 1104 1085 1147 meo:
1110 1085 1198 1150 nihil

1 1159 2 1171 ¹
126 1187 160 1236 26
178 1169 312 1231 habenti
343 1168 425 1231 nihil
456 1167 582 1231 defuit'
635 1169 775 1253 Magnae
810 1170 928 1234 indolis
962 1171 1127 1253 specimen
1156 1194 1198 1237 ex

178 1255 241 1319 hoc
264 1276 409 1319 sermone
431 1255 652 1338 Abdalonymi
679 1257 771 1342 cepit.
806 1255 920 1342 Itaque
947 1279 1015 1321 non
1028 1256 1197 1324 Stratonis

178 1342 274 1406 modo
302 1342 424 1426 regiam
448 1343 677 1425 supellectilem
700 1345 832 1408 attribui
855 1346 885 1407 ei
907 1345 1013 1428 iussit,
1043 1345 1101 1408 sed
1125 1347 1197 1430 ple·

179 1451 278 1512 raque
302 1432 398 1493 etiam
421 1453 460 1494 ex
477 1430 606 1494 Persica
628 1431 755 1514 praeda,
777 1432 943 1515 regionem
966 1453 1093 1516 quoque
1118 1435 1197 1500 urbi

179 1516 360 1600 adpositam
383 1517 502 1582 dicioni
524 1519 592 1582 eius
615 1519 739 1583 adiecit.

126 1623 161 1672 27
267 1604 394 1669 Interea
416 1605 591 1689 Amyntas,
623 1627 717 1689 quem
739 1606 780 1669 ad
802 1605 918 1670 Persas
941 1607 981 1670 ab
1005 1606 1222 1674 Alexandro

178 1693 392 1777 transfugisse
416 1694 561 1776 diximus,
584 1715 656 1757 curn
679 1697 831 1776 quattuor
851 1695 980 1758 milibus
995 1693 1196 1761 Graecorum

179 1780 285 1863 ipsum
309 1803 348 1845 ex
371 1782 438 1845 acie
461 1781 635 1864 persecutis
658 1781 737 1865 fuga
753 1781 899 1864 Tripolin
921 1782 1075 1865 pervenit.
1112 1782 1198 1849 Inde

179 1868 214 1931 in
235 1891 334 1935 naves
351 1869 508 1933 militibus
531 1869 681 1952 inpositis
695 1869 837 1952 Cyprum
855 1869 1035 1933 transmisit
1054 1872 1094 1952 et,
1120 1891 1198 1936 cum

179 1957 215 2019 in
250 1958 306 2022 illo
344 1961 431 2022 statu
466 1978 573 2020 rerum
604 1957 637 2020 id
673 1978 844 2039 quemque,
876 1957 960 2040 quod
993 1963 1198 2043 occupasset,

179 2044 365 2107 habiturum
401 2046 610 2108 arbitraretur
645 2045 732 2106 velut
768 2045 853 2106 certo
890 2043 959 2106 iure
994 2064 1197 2131 possessum,

1 2198 3 2203 ,
180 2129 368 2213 Aegyptum
407 2134 515 2213 petere
555 2129 773 2212 decrevit,u
751 2129 878 2212 riutque
913 2129 983 2212 regi
1017 2128 1124 2194 hostis
1163 2138 1199 2198 et

1 2208 4 2298 ᾗ
129 2237 162 2285 as
182 2238 308 2298 semper
331 2239 368 2279 ex
387 2217 521 2298 ancipiti
537 2179 713 2280 mutatione
731 2219 912 2297 temporum
925 2215 1078 2298 pendens.
1107 2218 1197 2286 Hor·

1 2304 3 2323 '
181 2306 331 2386 tatusque
359 2303 477 2367 milites
507 2304 547 2367 ad
578 2326 668 2386 spem
699 2306 809 2366 tantae
840 2303 887 2367 rei
919 2304 1011 2368 docet
1037 2301 1197 2392 Sabacen,

180 2396 361 2475 praetorem
384 2391 540 2493 Aegypti,
562 2391 747 2455 cecidisse
738 2413 773 2454 m
796 2391 878 2455 acie.
906 2391 1076 2455 Persarum
1098 2414 1196 2476 prae·

182 2480 367 2544 sidiumt
334 2483 367 2544 et
403 2480 471 2544 sine
507 2479 585 2543 duce
618 2501 689 2543 esse
721 2482 754 2543 et
783 2478 973 2563 invalidum,
1008 2479 1197 2580 Aegyptios

182 2589 307 2652 semper
337 2573 429 2651 praet
415 2569 538 2633 toribus
572 2589 682 2631 eorum
713 2567 812 2631 infest
798 2571 849 2631 tos
880 2589 937 2650 pro
969 2567 1063 2631 sociis
1093 2567 1198 2655 ipsos,

129 2674 163 2722 9
182 2677 249 2718 non
275 2677 333 2738 pro
360 2656 508 2720 hostibus
532 2655 764 2719 aestimaturos.
797 2655 913 2719 Omnia
931 2654 1065 2737 experiri
1082 2674 1197 2723 neces·

183 2741 261 2804 sitas
289 2743 438 2825 cogebat:
471 2743 587 2826 quippe
610 2765 681 2807 cum
703 2743 824 2826 primas
847 2764 919 2825 spes
942 2742 1073 2806 fortuna
1096 2742 1197 2809 desti·

181 2829 258 2912 tuit,
280 2829 330 2892 fut
316 2832 389 2893 tura
411 2831 630 2912 praesentibus
652 2830 763 2893 vident
749 2833 802 2893 tur
824 2851 893 2894 esse
915 2832 973 2911 pot
974 2829 1052 2893 iora.
1086 2828 1198 2914 Igitur

183 2916 399 2998 conclamant,
427 2918 568 2999 duceret,
596 2939 658 3000 quo
681 2918 849 2981 videretur.
893 2917 1001 3000 Atque
1023 2917 1078 2980 ille
1101 2920 1195 2991 uten-

183 3004 259 3068 dum
295 3004 424 3087 animis,
465 3005 539 3067 dum
576 3025 633 3087 spe
670 3006 823 3086 calerent,
860 3008 963 3088 ratus,
1000 3003 1041 3068 ad
1071 3001 1197 3071 Pelusii

184 3093 301 3156 ostium
331 3096 491 3174 penetrat,
524 3092 677 3154 simulans
705 3089 852 3155 aDareo
880 3113 914 3155 se
941 3113 1011 3156 esse
1037 3094 1196 3175 praemis-

131 3200 166 3248 30
186 3202 264 3243 sum.
297 3177 424 3242 Potitus
448 3199 524 3262 ergo
546 3178 664 3242 Pelusii
687 3177 864 3261 Memphim
887 3179 995 3260 copias
1017 3182 1197 3262 promovitt

185 3267 225 3330 ad
248 3266 337 3329 cuius
359 3266 481 3329 famam
494 3266 657 3349 Aegyptii,
678 3286 763 3329 vana
781 3270 860 3348 gens
878 3268 910 3328 et
923 3267 1081 3330 novandis
1095 3289 1197 3350 quam

185 3354 330 3438 gerendis
354 3354 459 3437 aptior
481 3354 586 3437 rebus,
609 3375 647 3416 ex
670 3353 735 3416 suis
759 3353 877 3436 quique
899 3353 977 3416 vicis
996 3355 1197 3440 urbibusque

185 3443 247 3507 huc
262 3443 394 3525 [ipsum]
415 3444 610 3506 concurrunt
633 3440 673 3504 ad
695 3440 827 3504 delenda
840 3440 999 3523 praesidia
1012 3441 1199 3513 Persarum.

133 3550 164 3599 31
186 3530 247 3606 Qui
269 3531 372 3594 territi
393 3533 505 3593 tamen
527 3549 614 3613 spem
638 3528 798 3592 retinendi
815 3528 1002 3612 Aegyptum
1025 3549 1091 3593 non
1114 3534 1199 3597 omi·
