2444 3908
312 125 564 181 HISTORIARUM
582 126 796 181 ALEXANDRI
813 125 901 195 VIIII,
920 133 946 185 4
1071 128 1135 193 237

129 276 187 356 pot
152 274 258 336 oterat
289 270 421 334 admota
453 275 515 351 est,
489 273 584 334 tut
615 270 744 353 fluctus,
780 272 835 354 qui
868 293 902 335 11
933 271 1137 357 invehebant,

131 359 400 424 everberarentur
449 319 545 421 Findi
576 357 721 422 crederes
753 359 854 423 undas
882 363 915 423 et
946 363 996 422 ret
997 381 1033 423 ro
1066 373 1191 442 gur-14

130 449 215 532 gites
238 447 356 511 cedere.
397 443 560 520 Quibust
545 445 675 509 tandem
697 448 789 510 navis
808 451 899 529 crept
901 469 920 511 a
941 469 1007 511 non
1029 452 1138 512 tamen

130 537 219 618 ripae
251 534 442 617 adplicatur,
475 533 567 597 sed
558 554 593 596 m
624 533 806 616 proximum
834 534 952 599 vadum
982 535 1138 601 inliditur.

130 621 212 689 Cum
244 621 330 686 amni
362 620 484 685 bellum
514 620 614 685 fuisse
647 621 801 686 crederes.
855 621 945 705 Ergo
983 625 1047 687 aris
1079 647 1137 707 pro

129 731 261 775 numero
289 710 459 773 fluminum
485 709 572 792 posit
558 708 601 772 tis
625 708 842 794 sacrificioque
865 710 952 774 facto
976 728 1048 775 xxx
1074 715 1138 776 111-

131 799 185 863 dia
207 798 373 882 processit.

81 888 121 953 16
218 884 295 950 Inde
318 888 450 949 ventum
474 884 556 948 est
546 907 581 948 m
603 885 768 986 regionem
788 881 1001 950 Sudracarum
1024 886 1138 952 Mallo·
1159 898 1191 948 15

130 995 280 1075 rumque,
300 994 379 1056 quos
398 972 480 1037 alias
497 972 686 1036 bellare't
637 975 686 1036 1111
687 994 721 1037 11
737 995 770 1037 11
786 973 863 1038 11111
865 994 901 1036 11
915 977 992 1038 tune
1004 975 1140 1058 periculi

132 1061 270 1127 societas
288 1061 445 1125 iunxerat.
480 1059 669 1143 Nonaginta
692 1060 817 1124 milia
806 1061 970 1126 runiorum
996 1063 1139 1144 peditum

131 1151 165 1213 in
189 1149 287 1213 armis
309 1151 415 1230 erant,
438 1151 565 1231 praeter
585 1148 645 1212 hos
669 1148 815 1232 equitum
837 1166 861 1213 x
884 1149 975 1214 milia
996 1172 1139 1236 nongen-

131 1241 248 1320 taeque
266 1235 451 1321 quadrigae.
491 1235 537 1300 At
554 1234 755 1320 Macedones,
774 1237 829 1320 qui
848 1237 937 1300 omni
956 1237 1139 1302 discrimine
1159 1248 1192 1297 11

132 1326 199 1390 iam
217 1324 346 1389 defunct
348 1345 385 1389 11
405 1345 438 1388 11
458 1344 528 1388 1111
546 1323 760 1406 crediderant,
782 1328 955 1408 postquam
975 1325 1138 1410 integrum

131 1413 256 1477 bellum
293 1433 363 1476 cum
399 1411 607 1485 ferocissimis
641 1411 752 1476 Indiae
789 1416 868 1496 gent
853 1413 941 1477 tibus
973 1435 1140 1497 superesse

132 1502 364 1585 cognorerunt,
396 1499 560 1600 inproviso
590 1503 678 1563 metu
705 1499 811 1564 territi
837 1522 947 1565 rursus
977 1501 1071 1565 sedit'
1046 1500 1140 1565 tiosis

131 1589 265 1653 vocibus
283 1608 393 1672 regem
411 1587 576 1670 increpare
595 1592 781 1670 coeperunt:
802 1584 939 1671 Gangen
958 1610 1085 1653 amnem
1099 1592 1140 1672 et,
1160 1599 1191 1648 11

132 1698 214 1760 quae
241 1675 290 1739 ult
276 1679 327 1739 111
355 1678 479 1755 essent,
448 1676 657 1738 ctoactum
679 1675 913 1759 transmittere,
938 1698 1005 1740 non
1030 1639 1141 1741 temeri

132 1764 257 1845 finisse,
289 1763 344 1827 sed
376 1784 430 1825 mu
432 1765 518 1825 tasse
550 1761 679 1825 bellum.
724 1760 876 1826 Indomit
852 1765 895 1827 111
928 1763 1078 1848 gentibus
1106 1785 1140 1827 11

134 1813 285 1932 obiectis,
303 1853 340 1913 ut
359 1850 515 1934 sanguine
535 1870 592 1913 suo
612 1847 773 1932 aperirent
790 1850 819 1912 ei
839 1841 1008 1915 Oceanum.
1040 1851 1140 1914 Trahi
1161 1861 1192 1910 18

134 1942 188 2002 ext
188 1961 225 2002 ra
174 1937 352 2002 tsidera
375 1940 408 2001 11
435 1938 536 2000 solem
560 1937 694 2021 cogique
717 1935 818 2021 adire,
848 1958 929 2020 qnae
956 1938 1140 2002 mortalium

134 2025 234 2092 oculis
252 2029 310 2090 nat
312 2046 369 2089 ura
388 2024 585 2089 subduxerit.
616 2022 717 2088 Novis
735 2024 910 2089 identidem
927 2025 1025 2089 armis
1039 2047 1141 2090 novos

133 2114 245 2178 hostes
261 2113 406 2178 existere.
430 2111 516 2187 Quos
531 2115 568 2177 ut
582 2133 692 2177 omnes
706 2112 845 2177 fundant
857 2112 1043 2197 fugentque,
1058 2114 1142 2197 quod

133 2202 312 2286 praemium
343 2201 433 2283 ipsos
465 2199 617 2265 manere?
654 2199 827 2284 caliginem
859 2222 896 2265 11
928 2202 1078 2266 tenebras
1111 2205 1143 2265 et

133 2297 322 2374 perpetuam
336 2293 463 2367 noctem
478 2288 637 2373 profundo
651 2288 860 2353 incubantem
874 2290 965 2370 mari,
982 2290 1143 2373 repletum

133 2378 324 2441 immanium
337 2377 504 2443 beluarum
523 2376 677 2461 gregibus
696 2376 824 2459 fretum,
842 2377 1017 2441 inmobiles
1031 2377 1142 2460 undas,

134 2467 169 2529 in
201 2466 316 2548 quibus
344 2465 502 2530 emoriens
529 2470 649 2528 natura
676 2463 836 2527 defecerit.
884 2463 952 2527 Rex
982 2485 1048 2527 non
1076 2475 1194 2547 sue,1e

136 2552 191 2617 sed
223 2553 363 2615 militum
398 2552 615 2616 sollicitudine
652 2550 766 2614 anxius
804 2551 950 2614 contione
987 2551 1143 2615 advocata

135 2641 240 2722 docet,
279 2638 416 2702 inbelles
452 2659 536 2718 esse,
573 2659 652 2721 quos
694 2641 848 2702 metuant.
901 2637 992 2702 Nihil
1030 2638 1142 2703 deinde

134 2731 262 2811 praeter
284 2727 344 2790 1111
368 2728 480 2809 gentes
500 2725 642 2808 obstare,
667 2727 838 2809 quominus
861 2729 1020 2790 terrarum
1037 2728 1143 2809 spatia

137 2815 257 2879 emensi
280 2813 438 2877 adfinem
461 2813 557 2877 simul
581 2813 691 2877 mundi
713 2813 924 2897 laborumque
946 2815 1142 2896 perveniant.

136 2901 332 2966 0111111111
358 2901 424 2965 illis
448 2901 665 2965 metuentibus
689 2900 823 2985 Gangen
847 2906 879 2965 et
903 2902 1142 2965 multitudinem
1161 2912 1194 2959 20

135 2989 317 3072 nationum,
345 3010 426 3072 quae
453 2989 539 3052 ultra
573 3010 700 3052 amnem
732 2992 850 3052 essent:
878 2989 1054 3052 declinasse
1082 2991 1143 3052 iter

136 3098 183 3160 ee,
206 3077 262 3140 ubi
284 3098 343 3159 par
366 3076 483 3159 gloria,
511 3076 617 3140 minus
645 3077 820 3159 perieulum
842 3081 936 3140 esset.
976 3076 1047 3140 Iam
1070 3099 1141 3160 pro·
1161 3086 1193 3133 21

136 3166 258 3249 spicere
295 3186 329 3228 se
358 3163 534 3247 Oceanum,
570 3165 635 3227 iam
671 3165 806 3247 perflare
839 3166 878 3228 ed
910 3166 999 3248 ipsos
1032 3185 1144 3228 auram

136 3254 244 3317 maris.
275 3251 327 3317 Ne
345 3251 526 3315 inviderent
545 3251 607 3315 sibi
626 3253 762 3335 laudem,
786 3274 881 3335 quam
899 3256 1030 3335 peteret.
1140 3256 1145 3263 '

135 3341 215 3404 culis
238 3344 272 3404 et
293 3339 401 3404 Liberi
424 3338 530 3403 Patris
558 3340 712 3403 terminos
740 3342 935 3403 transituros
958 3339 1073 3420 illos,=

135 3449 194 3491 suo
228 3451 327 3510 parvo
360 3428 511 3510 inpendio
549 3428 829 3492 immortalitatem
865 3426 970 3489 famae
1002 3249 1167 3686 lq

136 3515 327 3580 Paterentur
350 3538 383 3580 se
407 3538 444 3579 11
467 3515 562 3579 India
585 3516 701 3598 redire,
725 3537 789 3580 non
812 3515 931 3598 fugere.
