2444 3908
186 161 230 224 50
548 158 580 225 Q.
598 157 708 214 CUPaTI
725 158 813 214 RUFI

187 327 258 369 cum
282 304 394 369 ardore
418 307 451 368 et
474 303 616 368 siccitate
638 303 789 387 regionis,
812 302 867 367 sed
890 302 987 366 etiam
1011 325 1085 367 oum
1110 306 1206 369 tena-

187 393 314 456 cissimo
351 393 478 476 sabulo,
514 392 599 474 quod
634 391 814 474 praealtum
846 393 878 454 et
909 390 1046 475 vestigio
1081 392 1203 457 cedens

152 500 281 565 saegre
313 480 489 544 moliuntur
519 480 626 563 pedes,
669 478 758 542 Haec
784 479 941 563 Aegyptii
968 499 1044 543 vero
1073 481 1205 545 maiora

187 568 358 632 iactabant.
404 566 465 632 Sed
490 567 606 651 ingens
629 567 744 650 cupido
767 568 910 630 animum
933 566 1125 631 stimulabat
1148 568 1203 632 ad·

187 657 284 720 eundi
313 655 433 739 Iovem,
470 677 564 739 quem
594 655 718 739 generis
746 654 795 718 sui
823 657 985 718 auctorem
1010 653 1100 718 haud
1125 677 1204 720 con·

186 747 295 808 tentus
331 744 459 808 mortali
492 743 623 827 fastigio
657 744 713 806 aut
744 742 894 806 credebat
922 763 992 806 esse
1021 745 1081 806 aut
1112 744 1204 808 credi

153 833 324 899 evolabat.
367 831 456 916 Ergo
484 853 556 895 oum
578 831 631 914 iis,
659 852 738 913 quos
762 830 875 894 ducere
898 851 1005 894 secum
1028 831 1204 916 statuerat,

188 921 326 985 secundo
361 942 455 983 amne
487 918 650 982 deseendit
681 918 722 981 ad
751 917 911 982 Mareotin
941 917 1102 1000 paludem.
1152 918 1204 986 Eo

187 1008 287 1092 legati
309 1006 542 1089 Cyrenensium
564 1007 648 1070 dona
671 1007 821 1089 attulere,
843 1027 955 1089 pacem
978 1007 1011 1068 et
1032 1009 1071 1069 ut
1094 1007 1205 1072 adiret

9 1162 16 1179 ¹,
187 1097 281 1159 urbes
309 1117 383 1158 suas
411 1097 565 1178 petentes.
614 1093 673 1157 Ille
704 1093 796 1158 donis
825 1093 962 1176 acceptis
992 1093 1204 1179 amicitiaque

2 1200 17 1257 ’ξ
136 1200 170 1249 10
188 1183 358 1247 coniuncta
386 1182 545 1245 destinata
572 1182 684 1264 exequi
705 1182 819 1265 pergit.
868 1180 916 1245 Ac
937 1181 1041 1264 primo
1067 1182 1205 1264 'quidem

188 1273 221 1333 et
250 1273 402 1352 sequente
430 1270 480 1333 die
512 1269 688 1333 tolerabilis
720 1269 812 1333 labor
842 1268 929 1333 visus
956 1268 1103 1333 nondum
1132 1274 1205 1336 tam

1 1421 2 1432 ,
188 1357 288 1421 vastis
313 1357 469 1440 nudisque
493 1356 717 1421 solitudinibus
742 1356 849 1439 aditis,
875 1357 940 1420 iam
962 1359 1073 1420 tamen
1097 1359 1206 1423 sterili

137 1463 168 1512 11
189 1448 221 1508 et
244 1445 417 1508 emoriente
439 1449 533 1508 terra.
563 1441 626 1508 Sed
647 1447 685 1507 ut
707 1465 857 1527 aperuere
879 1465 913 1508 se
931 1445 1036 1527 campi
1054 1445 1125 1510 alto
1147 1448 1205 1530 qb

1 1539 3 1550 '
188 1532 252 1595 ruti
280 1532 406 1615 sabulo,
437 1531 524 1596 haud
551 1552 641 1596 secus
668 1552 764 1613 quam
788 1532 983 1614 profundum
1006 1552 1130 1615 aequor
1155 1535 1204 1599 in-

0 1624 16 1693 ι
137 1620 291 1705 regressi
313 1623 431 1682 terram
454 1620 553 1684 oculis
576 1619 789 1701 requirebant.
824 1618 924 1682 Nulla
946 1620 1050 1702 a.,rbor
1071 1622 1205 1687 nullum

0 1700 3 1724 ³
188 1707 267 1771 culti
290 1708 350 1771 soli
371 1709 558 1771 occurrebat
574 1707 753 1790 vestigium
790 1705 885 1790 Aqua
908 1707 1004 1770 etiam
1027 1670 1205 1796 defecerat,

3 1862 6 1879 Ι
189 1817 285 1879 quam
307 1796 432 1859 utribus
456 1796 568 1859 cameli
589 1798 750 1877 vexerant,
773 1795 835 1858 et
826 1816 861 1857 m
881 1794 969 1858 arido
989 1795 1058 1859 solo
1078 1817 1118 1860 ac
1138 1798 1204 1863 fer·

3 1882 16 1967 ’ξ
137 1902 169 1950 13
188 1884 262 1948 vido
286 1883 398 1948 sabulo
420 1885 511 1948 nulla
534 1887 610 1948 erat
588 1882 701 1946 tAd
722 1884 784 1947 hoc
808 1882 856 1947 sol
880 1882 988 1947 omnia
1009 1883 1206 1951 incenderat

189 1972 333 2055 siccaque
365 1975 398 2036 et
429 1973 543 2036 adusta
574 1974 667 2035 erant
698 1993 769 2055 ora,
800 1994 872 2036 cum
901 1974 1107 2053 repente-
1132 1975 1205 2040 sive

3 2116 6 2145 Ι
188 2060 266 2123 illud
290 2060 421 2123 deorum
444 2082 560 2123 munus
585 2060 650 2123 sive
674 2081 765 2122 casus
787 2060 906 2122 fuit-
929 2058 1088 2123 obductae
1109 2063 1205 2127 caelo

3 2150 6 2213 ι
114 2196 152 2223 4
188 2147 290 2208 nubes
314 2146 482 2209 condidere
505 2147 617 2228 solem,
640 2148 755 2228 ingens
778 2149 870 2210 aestu
892 2146 1018 2230 fatigat
1009 2168 1047 2230 rs,
1069 2147 1206 2215 etiamsi

3 2218 15 2279 '²
138 2251 170 2298 14
189 2253 273 2314 aqua
297 2232 450 2314 deficeret,
473 2196 634 2295 auxiliarii
664 2232 882 2297 Enimverou
861 2197 1047 2317 utlarguni
1068 2256 1205 2337 quoque

187 2319 322 2382 imbrem
346 2323 551 2382 excusserunt
573 2319 740 2402 procellae,
762 2343 820 2402 pro
844 2343 877 2385 se
899 2322 1032 2405 quisque
1051 2324 1205 2407 excipere

189 2429 270 2491 eum,
294 2407 422 2491 quidam
441 2407 482 2472 ob
501 2408 587 2471 sitim
606 2408 785 2491 inpotentes
805 2410 855 2473 sui
873 2431 928 2473 ore
932 2431 1072 2560 tquoque
1092 2411 1206 2478 hianti

3 2510 11 2569 ὲ·
137 2513 169 2562 15
188 2500 317 2579 captare
337 2500 518 2580 coeperunt.
554 2495 772 2571 Quadriduum
795 2519 852 2580 per
873 2500 946 2561 vast
947 2519 982 2560 as
1005 2497 1204 2567 solitudines

3 2598 6 2605 '
187 2585 392 2668 absumptum
426 2588 483 2648 est.
536 2582 667 2667 Iamque
702 2584 788 2648 haud
823 2587 935 2667 procul
967 2586 1089 2650 oraculi
1122 2589 1204 2655 sede

188 2672 330 2754 aberant,
308 2675 421 2735 tcum
440 2673 608 2773 conplures
623 2673 710 2737 corvi
724 2672 846 2757 agmini
860 2676 1043 2736 occurrunt:
1066 2675 1202 2743 modico

187 2759 296 2822 volatu
318 2760 423 2842 prima
445 2760 538 2842 signa
560 2782 602 2823 an
603 2761 749 2824 tteceden
735 2766 783 2824 tes
805 2762 864 2841 [et]
837 2760 982 2824 tmodo
1005 2761 1097 2825 humi
1120 2766 1203 2830 resi·

188 2845 315 2929 debant,
338 2867 410 2910 cum
432 2846 552 2910 lentius
574 2867 704 2931 agmen
703 2847 880 2931 incederet,
901 2847 997 2913 modo
1020 2869 1054 2912 se
1076 2840 1201 2932 pennis

136 2895 337 3001 1alevaba1it
364 2933 545 2997 ducentium
572 2935 695 3019 iterque
717 2899 913 2999 monstrarit
904 2959 970 2999 lum
992 2936 1065 3000 ritu.
1112 2937 1202 3005 Tan·

187 3020 259 3084 dem
282 3020 323 3084 ad
346 3020 453 3085 sedem
476 3026 694 3086 consecratam
717 3023 775 3086 deo
799 3026 931 3087 ventum
954 3027 1010 3087 est.
1055 3023 1203 3093 Incredi-

186 3108 251 3171 bile
279 3107 419 3192 dictu,
410 3112 494 3173 mter
516 3113 623 3175 vastas
647 3110 721 3174 solit
722 3111 900 3174 udinest
858 3114 920 3174 s1ta
942 3111 1082 3194 undique
1107 3116 1202 3181 amb·

186 3197 254 3259 ien'
254 3196 327 3259 ibus
358 3198 455 3260 ramis
482 3197 536 3263 vix
567 3199 602 3261 in
628 3198 759 3262 densam
786 3199 934 3261 umbram
965 3197 1097 3263 cadente
1065 3202 1202 3268 tsole

187 3286 333 3348 contecta
364 3288 426 3368 est,
457 3285 548 3348 mult
525 3290 612 3368 tique
641 3286 748 3350 fontes
776 3285 920 3350 dulcibus
948 3287 1039 3388 aquis
1071 3291 1202 3371 passim

135 3392 167 3440 1⁷
185 3372 392 3436 manantibus
413 3374 504 3436 alunt
521 3373 628 3436 silvas.
665 3371 754 3438 Caeli
772 3395 896 3457 quoque
914 3375 996 3439 mira
1011 3377 1202 3483 temperies,

185 3483 283 3526 verno
310 3461 414 3543 tepori
440 3461 577 3524 maxime
605 3461 731 3545 similis,
760 3483 870 3526 omnes
894 3463 970 3526 anni
991 3465 1100 3545 partes
1123 3468 1201 3550 pari

6 3540 10 3567 ¹
136 3569 166 3618 18
186 3549 372 3613 salubritate
403 3549 568 3633 percurrit.
544 3513 749 3614 tAccolaie
781 3550 865 3615 sedis
896 3554 973 3615 sunt
1001 3551 1042 3614 ab
1070 3552 1200 3622 oriente
