2444 3908
283 125 537 180 HISTORIARUM
555 125 770 179 ALEXANDRI
788 124 840 195 IV,
859 131 883 179 8.
1044 123 1086 186 39

80 271 234 354 pontibus
258 270 380 353 stratiS,
408 269 463 352 qui
484 269 619 332 militem
642 270 850 352 sustinerent,
877 269 1087 351 inpleverant

82 356 134 421 Sic
164 359 338 421 instructas
370 357 585 440 quadriremes
616 357 657 420 ad
685 357 797 421 urbem
827 358 980 442 agebant:
1012 355 1087 419 inde

81 446 215 509 missilia
233 445 268 507 in
285 448 528 528 propugnantes
546 444 776 528 ingerebantur
790 447 871 528 tuto,
894 445 969 529 quia
983 444 1086 527 proris

82 534 173 596 miles
195 533 373 616 tegebatur.
417 530 524 596 Media
545 553 610 596 nox
633 535 710 614 erat,
733 553 805 596 cum
827 533 970 613 classem,
993 531 1087 596 sicuti
1107 551 1139 599 rc

83 620 203 683 dietum
230 623 291 704 est,
322 624 469 703 paratam
496 620 660 684 circumire
684 642 791 684 muros
814 620 911 683 iubet.
954 618 1086 702 Iamque

82 729 182 772 naves
199 708 273 772 urbi
287 708 428 792 undique
442 708 702 790 admovebantur,
721 711 754 772 at
765 707 853 790 Tyrii
867 706 1087 790 desperatione

83 796 265 879 torpebant,
287 817 359 859 cnm
383 797 488 860 subito
508 796 629 879 spissae
647 796 749 859 nubes
763 795 928 859 intendere
943 816 976 859 se
991 795 1088 878 caelo,

84 886 129 966 et,
161 883 315 967 quidquid
341 885 421 948 lucis
450 883 671 966 internitebat,
703 883 807 947 offusa
829 882 965 967 caligine
988 883 1088 946 extin-

83 974 171 1034 ctum
203 975 261 1035 est.
309 970 391 1034 Tum
422 971 644 1035 inhorrescens
676 992 763 1034 mare
795 971 950 1054 paulatim
979 969 1088 1052 levari,
1109 990 1140 1038 1⁷

83 1058 198 1122 deinde
225 1059 347 1122 acriore
370 1062 468 1123 vento
491 1059 686 1123 concitatum
708 1059 823 1122 fluctus
846 1058 928 1122 ciere
951 1061 984 1122 et
1005 1058 1089 1121 inter

85 1167 118 1208 se
138 1147 269 1230 navigia
286 1145 454 1211 conlidere.
489 1144 622 1230 Iamque
640 1146 742 1210 scindi
760 1148 936 1229 coeperunt
952 1146 1089 1228 vincula,

86 1233 200 1316 quibus
227 1255 366 1298 conexae
393 1234 609 1318 quadriremes
637 1236 741 1320 erant,
770 1255 862 1298 ruere
888 1234 1035 1298 tabulata
1057 1235 1090 1296 et

85 1342 158 1384 cum
182 1322 308 1405 ingenti
329 1321 458 1406 fragore
480 1320 515 1384 in
536 1321 732 1405 profundum
755 1343 862 1386 secum
884 1321 1002 1385 milites
1025 1324 1088 1385 tra·
1133 1348 1142 1370 ·

83 1409 169 1472 her'e.
213 1407 324 1492 Neque
352 1410 436 1472 enim
459 1413 606 1474 conserta
632 1409 764 1493 navigia
786 1409 852 1473 ulla
879 1430 938 1492 ope
965 1408 1001 1472 in
1022 1411 1088 1474 tur·
1110 1428 1141 1476 18
1157 1403 1185 1442 ³¹²

83 1496 159 1560 bido
182 1496 251 1580 regi
273 1500 436 1579 poterant:
462 1498 553 1560 miles
576 1497 753 1560 ministeria
774 1499 960 1580 nautarum,
982 1517 1090 1559 remex

84 1584 195 1648 militis
219 1583 325 1647 officia
346 1585 508 1667 turbabat,
531 1586 572 1668 et,
595 1584 680 1667 quod
702 1584 737 1647 in
760 1585 915 1648 eiusmodi
938 1604 1015 1648 casu
1039 1605 1089 1648 ac·

85 1671 174 1754 cidit,
210 1670 307 1753 periti
339 1671 461 1754 ignaris
492 1672 661 1755 parebant:
707 1671 825 1756 quippe
857 1673 1089 1757 gubernatores

85 1758 165 1830 alias
194 1757 351 1839 imperare
380 1759 466 1821 soliti
492 1763 562 1822 tum
590 1761 677 1822 metu
704 1760 816 1822 mortis
843 1759 931 1823 iussa
958 1780 1089 1841 exeque-

84 1845 212 1908 bantur.
257 1843 401 1906 Tandem
422 1845 518 1907 remis
540 1845 735 1927 pertinacius
759 1846 979 1909 everberatum
1002 1867 1090 1909 mare

85 1931 184 1994 veluti
207 1930 415 2014 eripientibus
437 1931 569 2016 navigia
591 1931 731 1995 classicis
754 1932 861 2015 cessit,
893 1932 1090 2016 adpulsaque

86 2022 162 2082 sunt
183 2018 270 2082 litori
293 2019 432 2082 lacerata
453 2019 613 2103 pleraque.

37 2102 75 2168 15
171 2104 279 2170 Isdem
307 2105 391 2170 forte
421 2107 533 2172 diebus
557 2105 870 2190 Carthaginiensium
898 2107 997 2192 legati
1019 2125 1090 2172 xxx
1111 2128 1142 2176 19

85 2194 323 2280 superveniunt,
345 2195 450 2279 magis
473 2195 612 2259 obsessis
636 2195 789 2262 solacium
808 2218 904 2278 quam
922 2195 1090 2260 auxilium:

85 2283 202 2364 quippe
229 2282 404 2347 domestico
435 2283 521 2347 bello
548 2283 674 2348 Poenos
705 2283 842 2366 inpediri
874 2304 933 2347 nec
965 2283 1004 2347 de
1031 2283 1089 2347 im-

84 2370 183 2453 perio,
206 2369 260 2433 sed
283 2391 342 2453 pro
366 2371 468 2435 salute
491 2370 641 2440 dimicare
663 2371 867 2434 nuntiabant.
897 2368 1089 2453 Syracusani
1108 2390 1143 2440 20

84 2461 154 2519 tum
167 2455 311 2521 Africam
333 2458 472 2522 urebant
492 2461 524 2521 et
540 2457 628 2522 haud
645 2459 757 2540 procul
771 2455 976 2540 Carthaginis
990 2458 1090 2521 muris

83 2544 271 2608 locaverant
298 2549 411 2609 castra.
455 2542 532 2609 Non
558 2548 668 2608 tamen
690 2545 833 2608 defecere
856 2545 972 2607 animis
994 2543 1091 2629 Tyrii,

90 2653 285 2716 quamquam
304 2633 344 2696 ab
362 2633 488 2716 ingenti
508 2653 563 2714 spe
582 2632 727 2696 destituti
745 2633 845 2715 erant,
867 2631 922 2695 sed
939 2632 1090 2717 coniuges

83 2719 265 2801 liberosque
295 2719 494 2783 devehendos
523 2717 750 2803 Carthaginem
776 2719 990 2804 tradiderunt,
1026 2720 1090 2784 for-

83 2807 163 2888 tius,
200 2805 354 2890 quidquid
389 2806 560 2890 accideret,
595 2808 704 2891 laturi,
741 2808 768 2871 si
806 2808 1003 2872 carissimam
1041 2808 1090 2871 sui

84 2895 209 2975 partem
246 2899 335 2956 extm
369 2896 487 2958 sortem
520 2895 652 2976 periculi
686 2896 862 2959 communis
893 2895 1089 2960 habuissent.

85 2977 228 3062 Cumque
250 3002 334 3044 unus
357 3002 374 3044 a
393 2981 513 3046 civibus
531 2983 566 3045 in
582 2983 730 3046 contione
744 2982 924 3065 indicasset,
947 2985 1089 3048 oblatam
1109 3005 1138 3052 21

84 3087 155 3130 esse
178 3089 236 3150 per
258 3089 402 3132 somnum
428 3069 490 3134 sibi
513 3071 650 3153 speciem
669 3070 836 3152 Apollinis,
859 3092 952 3153 quem
974 3071 1090 3134 eximia

83 3155 240 3238 religione
262 3156 416 3238 colerent,
438 3157 550 3221 urbem
573 3158 757 3240 deserentis,
779 3158 957 3241 molemque
981 3181 1000 3221 a
1022 3158 1089 3221 Ma·

84 3242 260 3307 redonibus
291 3244 324 3307 in
355 3245 423 3308 salo
455 3245 573 3308 iactam
604 3247 638 3308 in
671 3245 847 3308 silvestrem
876 3248 992 3309 saltum
1021 3268 1089 3310 esse
1182 3320 1185 3325 Ι

84 3333 256 3394 mutatam:
289 3353 481 3417 quamquam
505 3336 615 3397 auctor
637 3333 715 3396 levis
739 3336 819 3415 erat,
842 3338 950 3396 tamen
974 3334 1013 3396 ad
1037 3334 1089 3397 de·
1108 3353 1144 3404 ῃ
1182 3369 1185 3412 t

84 3417 204 3481 teriora
232 3419 389 3483 credenda
417 3420 511 3502 proni
541 3425 627 3485 metu
655 3442 753 3483 aurea
782 3425 894 3483 eatena
921 3421 1089 3486 devinxere
1164 3421 1185 3565 Ι

85 3503 290 3570 simulacrum
327 3527 463 3588 araeque
497 3506 657 3592 Herculis,
693 3508 783 3571 cuius
818 3509 942 3571 numini
978 3509 1096 3570 urbem
1180 3568 1185 3597 ἔ
