2444 3908
278 129 533 185 msromnnuu
550 129 767 186 mertuum
782 129 831 199 n,
850 136 892 186 re.
1044 126 1086 194 ‘19

29 275 71 340 53
168 273 318 340 Cecidere
347 273 532 350 Persarum,
573 295 709 358 quorum
746 294 914 338 numerum
950 273 1086 340 victores
1104 292 1139 344 ut

81 363 172 427 finire
199 363 388 445 potuerunt,
418 361 508 424 milia
529 378 590 444 xn,
620 360 832 426 Macedonum
859 362 966 426 minus
989 383 1085 446 quani

82 468 144 515 ccc
179 449 350 514 desiderati
387 451 470 513 sunt
528 445 678 512 Ceterum
712 448 796 513 hauc
831 449 998 514 victoriam
1031 471 1086 514 rex
1104 466 1138 519 ut

81 539 201 601 maiore
231 559 270 601 ex
298 539 390 621 parte
417 536 543 619 virtuti,
575 557 672 620 quam
693 536 841 601 fortunae
864 558 940 601 suae
963 537 1086 602 debuit:
1105 555 1139 607 aa

83 626 217 706 [animo‚
248 646 328 707 non,
358 627 395 687 ut
426 626 533 706 antea,
565 624 636 688 loco
668 624 767 705 vicit}
810 621 896 688 Nem
925 628 959 688 et
985 625 1086 690 aciem

80 712 274 796 peritissime
295 712 448 775 instruxit
470 714 503 775 et
524 711 762 794 promptissime
788 711 857 794 ipse
878 712 1036 796 pugnavit
1054 716 1087 776 et

82 820 200 884 magno
229 800 362 864 consilio
386 799 542 863 iacturam
566 799 762 863 sarcinarum
784 798 1086 882 inpedimentorum·

83 908 144 972 que
167 887 375 969 contempsit,
398 907 470 950 oum
492 887 528 949 in
549 887 621 970 ipsa
643 887 710 950 acie
733 907 876 952 summae
897 886 943 950 rei
966 886 1087 951 videret

82 996 152 1039 esse
183 974 366 1055 discrimen,
398 973 558 1058 dubioque
590 973 693 1038 adhuc
723 993 850 1059 pugnae
882 976 998 1039 eventu
1027 994 1086 1058 pro

81 1063 201 1126 victore
229 1083 263 1126 se
286 1062 399 1146 gessit:
430 1061 593 1143 perculsos
616 1060 729 1124 deinde
750 1060 892 1127 hostium
915 1061 1010 1145 fudit,
1037 1061 1086 1126 fu·
1105 1081 1138 1132 ae

83 1149 219 1232 gientes,
251 1148 336 1234 quod
367 1149 403 1212 in
433 1149 489 1212 illo
517 1148 629 1213 ardore
657 1148 756 1212 animi
781 1149 834 1214 vix
861 1148 945 1214 credi
971 1151 1087 1233 potest,

82 1236 268 1319 prudentius
290 1259 386 1321 quam
410 1236 532 1300 avidius
551 1239 736 1320 persecutus
754 1239 811 1301 est.
846 1234 931 1301 Nam
950 1236 978 1301 si
995 1239 1086 1321 parte
1105 1255 1138 1306 uo

83 1324 239 1388 exercitus
264 1325 366 1389 adhuc
389 1324 424 1388 in
446 1325 513 1388 acie
536 1327 643 1388 stante
664 1323 784 1389 instare
808 1325 994 1389 cedentibus
1016 1346 1085 1409 per·

83 1415 272 1495 severasset,
303 1415 360 1476 aut
386 1412 480 1495 culpa
506 1433 563 1475 sua
586 1411 688 1476 victus
711 1415 796 1477 esset
819 1415 875 1476 aut
897 1412 1002 1477 aliena
1024 1412 1086 1477 vir·

82 1502 152 1562 tute
179 1499 314 1564 vicisset.
354 1498 424 1563 Iam
448 1499 476 1563 si
498 1499 734 1563 multitudinem
756 1499 898 1584 equitum
921 1521 1086 1566 occurren·

81 1586 164 1650 tium
200 1587 411 1669 extimuisset,
446 1587 561 1652 victori
597 1589 653 1650 aut
687 1585 778 1651 foede
812 1587 999 1672 fugiendum
1031 1590 1088 1652 eut

82 1674 306 1737 miserabiliter
324 1674 499 1737 cadendum
512 1674 582 1738 fuit.
608 1671 658 1737 Ne
672 1675 768 1739 duces
782 1675 909 1759 quidem
923 1675 1086 1758 copiarum
1105 1693 1136 1744 31

83 1780 141 1822 sus
162 1760 255 1822 leude
277 1759 446 1823 fraudandi
469 1763 557 1823 sunt:
590 1760 707 1844 quippe
730 1762 873 1845 vulnera,
898 1783 978 1844 quae
1002 1763 1086 1847 quis·

85 1867 146 1931 que
170 1850 305 1929 excepit,
327 1846 445 1909 indicia
467 1846 594 1909 virtutis
618 1851 702 1909 sunt.
742 1845 991 1931 Hephaestionis
1014 1849 1084 1912 bra·
1104 1868 1137 1916 32

84 1933 191 1999 chium
213 1934 308 1997 hasta
329 1934 428 1997 ictum
451 1935 509 2016 est,
531 1931 681 1997 Perdicca
699 1937 732 1998 et
749 1932 873 2000 Ooenos
892 1938 924 1999 et
941 1934 1086 2000 Menidas

84 2020 211 2106 sagittis
238 2042 338 2105 prope
365 2021 470 2085 occisi.
514 2019 567 2102 Et,
592 2020 618 2083 si
646 2042 719 2085 vere
746 2022 914 2087 aestimare
941 2021 1086 2088 Macedo·
1105 2042 1138 2093 33

83 2131 155 2192 uas,
179 2109 234 2191 qui
256 2112 333 2173 tuuc
357 2112 461 2190 erant,
483 2108 639 2193 uolumus,
661 2109 833 2175 fatebimur
855 2113 888 2174 et
908 2130 1016 2195 regem
1038 2114 1085 2175 ta·

82 2197 167 2261 libus
190 2197 345 2261 ministris
369 2201 401 2261 et
422 2197 495 2261 illos
517 2199 608 2261 tanto
631 2217 706 2283 rege
728 2197 827 2264 fuisse
850 2197 1065 2284 dignissimos.
