2444 3908
137 134 204 199 234
505 133 537 199 Q.
556 132 664 188 CUR'II
682 132 766 188 RUFI

99 277 363 343 eanteeedimus.
413 273 475 340 Sed
499 277 535 340 >si
567 275 675 339 audire
710 275 759 341 vis
789 298 856 341 non
886 276 979 340 fictas
1009 278 1145 339 tuorum

136 365 276 430 militum
306 385 416 447 voees,
450 384 559 428 verum
593 364 786 429 necessitate
816 363 933 429 ultima
963 384 1146 447 expressas,

134 453 268 536 praebe,
296 472 430 536 quaeso,
454 450 613 535 propitias
640 473 734 516 aures
759 452 933 534 imperium
959 453 1056 533 atque
1087 471 1143 514 au·

135 541 271 623 spioium
301 543 394 604 tuum
420 538 683 608 constantissime
713 540 832 605 secutis
865 543 910 622 et,
943 558 1144 622 quocumque

97 628 257 712 tpergis,
292 627 457 692 secuturis.
509 625 640 709 Vioisti,
675 647 745 709 rex,
780 627 1003 710 magnitudine
1033 647 1144 690 rerum

133 738 199 781 uon
220 716 331 781 hostes
353 715 464 798 modo,
487 713 543 779 sed
569 715 669 778 etiam
696 715 825 780 milites.
870 712 1032 798 Quidquid
1054 735 1144 777 mer-

133 804 243 869 talitas
262 824 376 887 capere
393 805 532 886 poterat,
550 802 751 884 inplerimus.
786 802 937 867 Emensis
956 801 1060 865 maria
1077 804 1143 866 ter·

133 913 249 976 rusque
276 892 388 956 melius
420 890 514 956 nobis
542 911 638 973 quam
670 888 786 954 ineolis
814 889 924 955 omnia
948 891 1030 953 nota
1057 891 1144 953 sunt.

93 978 240 1044 ePaene
265 980 302 1044 in
329 978 445 1043 ultimo
476 977 588 1042 mundi
614 977 676 1042 fine
705 978 922 1043 consistimus.
970 975 1009 1040 In
1040 977 1143 1041 alium

139 1068 250 1132 orbem
284 1088 381 1150 paras
417 1066 464 1130 ire
496 1069 530 1130 et
562 1063 690 1130 Indiam
726 1066 853 1149 quaeris
888 1063 976 1131 Indis
1013 1085 1142 1148 quoque

133 1155 292 1238 ignotam:
315 1155 401 1218 inter
425 1154 510 1217 feras
538 1155 765 1237 serpentesque
792 1153 944 1237 degentes
967 1173 1078 1217 eruere
1102 1172 1143 1216 ex

132 1242 267 1305 latebris
299 1243 332 1306 et
367 1240 528 1305 eubilibus
562 1241 629 1305 suis
662 1240 800 1324 expetis,
834 1244 873 1305 ut
903 1241 1008 1324 plura,
1043 1261 1143 1323 quam

97 1329 184 1392 esol
215 1328 317 1412 videt,
346 1327 482 1393 victoria
511 1328 638 1392 lustres.
686 1327 796 1412 Digna
821 1349 954 1411 prorsus
982 1327 1141 1414 oogItatio

133 1416 240 1481 animo
258 1418 326 1499 tuo,
349 1415 406 1479 sed
423 1415 521 1479 altior
537 1419 659 1479 nostro.
699 1415 813 1480 Virtus
833 1415 920 1480 enim
937 1419 995 1480 tua
1013 1437 1141 1500 semper

79 1515 115 1564 ιο
132 1505 168 1568 in
185 1504 383 1568 incremento
402 1503 472 1586 erit,
489 1505 603 1567 nostra
620 1501 670 1567 vis
688 1503 754 1567 iam
774 1505 809 1566 in
833 1504 895 1569 fine
914 1507 973 1569 est.
1009 1502 1141 1569 Intuere

132 1612 267 1674 corpore
290 1591 477 1675 exsanguia,
504 1593 556 1655 tot
577 1590 724 1673 perfossa
750 1591 954 1676 vulneribus,
980 1594 1032 1656 tot
1058 1591 1141 1656 oioa·

132 1678 265 1743 trioibus
289 1680 405 1762 putria.
440 1677 511 1742 Iam
532 1680 599 1742 tela
620 1678 752 1743 hebetia
775 1683 863 1763 suut,
885 1678 951 1744 iam
974 1701 1066 1744 arma
1088 1679 1141 1744 de·

132 1767 251 1831 ficiunt
301 1765 434 1830 Vestem
461 1765 626 1830 Persicam
653 1766 827 1849 induimus,
860 1768 936 1850 quia
964 1767 1140 1834 domestica

78 1866 114 1914 11
134 1855 269 1919 subvehi
296 1876 362 1920 non
388 1857 505 1937 potest.
549 1853 590 1919 In
617 1857 784 1918 externum
810 1853 1056 1939 degustavimus
1077 1855 1140 1920 oul-

133 1946 211 2008 tum.
254 1941 360 2018 Quoto
388 1942 501 2026 auique
533 1941 635 2007 lorioa
666 1942 737 2007 est?
770 1942 841 2026 quis
874 1964 992 2026 equum
1018 1941 1141 2008 habet?

132 2029 211 2095 Iube
244 2031 369 2114 quaeri,
405 2051 504 2114 quam
534 2029 655 2109 multos
687 2031 772 2095 servi
802 2031 947 2113 ipsorum
977 2030 1139 2114 perseeut'

134 2119 214 2200 sint,
233 2119 307 2201 quid
327 2118 440 2200 tuique
459 2118 599 2200 supersit
615 2139 653 2182 ex
670 2118 799 2200 praeda.
830 2117 983 2184 Omnium
999 2118 1139 2184 riotores

133 2205 276 2269 omnium
303 2205 414 2287 inopes
447 2225 566 2268 sumus.
610 2203 679 2270 Nee
706 2205 831 2269 luxuria
857 2206 1056 2291 laboramus,
1083 2207 1140 2272 sed

80 2305 113 2353 12
132 2291 219 2355 bello
240 2291 455 2356 instrumenta
477 2292 555 2356 belli
577 2292 846 2375 consumpsimus.
890 2293 985 2358 Hune
1007 2297 1044 2358 tu
1067 2294 1140 2378 pul·

133 2378 326 2443 cherrimum
350 2378 524 2444 exereitum
545 2378 668 2455 nudum
686 2380 805 2444 obioies
827 2380 954 2445 beluis?
995 2381 1140 2458 Quarum

132 2470 170 2531 ut
183 2468 423 2533 multitudinem
438 2470 578 2551 augeant
591 2466 630 2532 de
647 2467 808 2533 industria
826 2468 966 2552 barbari,
983 2490 1139 2555 magnum

133 2558 243 2621 temen
273 2577 344 2620 esse
375 2577 544 2621 numerum
576 2555 676 2620 etiam
709 2577 747 2620 ex
778 2556 944 2620 mendacio
973 2557 1139 2641 intellego.

80 2655 114 2704 13
133 2641 256 2718 Quodsi
283 2643 387 2708 adhue
413 2646 584 2726 penetrare
608 2643 645 2708 in
663 2642 790 2707 Indiam
813 2647 935 2709 eodum
958 2647 1020 2720 est,
1047 2646 1139 2730 regio

133 2751 152 2793 a
180 2731 313 2795 meridie
343 2732 449 2794 minus
476 2735 569 2796 rasta
597 2734 660 2812 est,
691 2752 756 2814 qua
782 2732 918 2797 subaete
947 2733 1058 2797 lioebit
1085 2733 1140 2799 de·

133 2839 259 2881 currere
281 2819 317 2881 in
339 2817 419 2882 illud
441 2839 543 2899 mare,
566 2818 651 2901 quod
673 2819 769 2883 rebus
791 2818 941 2884 humanis
963 2821 1139 2886 terminum

80 2918 114 2966 14
132 2905 234 2969 voluit
257 2926 327 2969 esse
349 2909 475 2970 natura.
519 2904 585 2971 Our
607 2906 740 2971 oireuitu
767 2907 852 2990 petis
876 2907 1029 2992 gloriam,
1058 2931 1140 2993 quae

134 2993 173 3056 ad
202 3014 333 3057 manum
359 2993 468 3077 posita
496 2993 568 3058 est?
595 2994 642 3058 sio
669 3015 795 3078 quoque
823 2995 961 3060 ooourrit
984 2995 1139 3063 Oceanus.

132 3080 204 3144 Nisi
226 3081 328 3145 mavis
352 3102 468 3165 errare,
490 3082 704 3165 pervenimus,
726 3102 788 3164 quo
813 3086 871 3147 tua
892 3083 1024 3148 fortuna
1042 3085 1139 3150 duoit

81 3180 113 3230 15
132 3167 221 3233 Haeo
238 3172 346 3233 tecum
365 3191 462 3253 quum
476 3171 545 3233 sine
563 3172 596 3234 te
611 3191 683 3234 oum
701 3168 753 3233 his
772 3170 861 3254 loqui
876 3171 987 3255 malui,
1004 3194 1072 3237 non
1090 3173 1139 3237 uti

131 3257 245 3321 inirem
268 3257 505 3322 circumstantis
529 3257 686 3322 exereitus
709 3258 862 3342 gratiam,
889 3259 945 3323 sed
968 3263 1005 3325 ut
1025 3281 1139 3326 vocem

131 3345 333 3430 loquentium
356 3345 463 3428 potius
487 3366 583 3428 quam
610 3345 767 3429 gemitum
789 3348 1060 3412 murmurantium
1083 3370 1138 3413 au-

80 3443 113 3493 16
131 3431 236 3498 dires'
276 3432 324 3499 Ut
345 3434 442 3498 finem
460 3432 600 3498 orationi
618 3431 743 3498 Coenus
761 3432 919 3518 inposuit,
942 3436 1063 3501 elamor
1081 3458 1138 3501 un·
1152 3437 1193 3501 13

131 3521 226 3607 dique
253 3543 325 3586 oum
356 3522 485 3605 ploratu
512 3519 629 3604 oritur,
655 3541 778 3605 regem,
804 3525 943 3604 patrem,
970 3521 1138 3590 dominum
