2444 3908
144 122 209 187 246
520 122 551 188 Q.
571 121 681 176 OURTI
699 69 784 176 nuel

144 267 179 330 id
204 267 311 331 facere
341 265 609 330 tumultuantium
637 265 868 329 vociferatione
896 263 1159 346 prohiberentur.

94 368 126 416 10
144 354 213 437 1111,
232 354 315 419 sicut
333 353 471 418 nudatus
491 357 570 437 erat,
587 353 734 436 pervenit
752 353 792 417 ad
811 351 949 417 Graecos
970 354 1003 415 et
1021 352 1158 415 misera-

144 443 221 506 bilis
258 442 357 507 facies
390 442 549 526 supplicio
582 441 737 506 destinati
769 442 804 506 in
836 440 997 504 diversum
1028 441 1159 504 animos

94 543 125 590 11
145 534 278 614 repente
301 531 439 595 mutavit
461 530 646 614 dimittique
669 552 742 594 eum
763 529 931 595 iusserant.
968 527 1040 592 Hoc
1058 527 1158 592 modo

145 640 249 701 poena
275 619 326 683 bis
349 619 505 683 liberatus
534 640 606 682 cum
629 618 759 700 ceteris,
786 618 841 701 qui
868 616 1011 681 colonias
1036 637 1055 680 a
1078 635 1159 699 rege

146 708 320 772 attributas
339 707 548 791 reliquerunt,
570 707 705 770 revertit
722 707 757 770 in
775 706 924 788 patriam.
962 703 1053 770 Haec
1072 705 1160 768 circa

145 794 264 860 Bactra
287 799 320 859 et
343 793 535 878 Scytharum
556 795 713 859 terminos
738 797 838 877 gesta.

95 893 127 942 11
233 883 369 948 interim
396 902 507 966 regem
529 883 665 947 duarum
688 883 847 966 gentium,
876 880 1054 964 dequibus
1080 879 1208 944 1111128

146 971 268 1035 dictum
286 975 345 1051 111,
368 987 388 1034 c
407 972 509 1054 legati
528 971 654 1034 adeunt.
696 969 814 1034 Omnes
833 991 928 1034 curru
946 967 1158 1050 vehebantur,

147 1060 264 1123 eximia
281 1059 503 1142 magnitudine
531 1080 715 1141 corporum,
745 1059 859 1122 decoro
886 1056 1017 1120 habitu:
1050 1056 1157 1120 lineae

95 1151 253 1212 13111111
276 1147 401 1211 intexto
426 1168 504 1211 auro
527 1168 731 1230 purpuraque
755 1145 943 1210 destinatae.
980 1143 1024 1208 Ei
1047 1166 1081 1208 se
1106 1143 1158 1207 de·

147 1235 221 1298 dere
243 1236 346 1317 ipsos,
368 1234 464 1298 urbes
488 1255 646 1317 agrosque
669 1234 862 1316 referebant,
885 1255 942 1316 per
960 1235 1011 1296 tot
1030 1235 1157 1296 aetates

145 1323 335 1386 inviolatam
365 1322 548 1386 libertatem
577 1322 667 1386 illius
694 1322 835 1405 primum
867 1320 942 1386 fidei
974 1320 1157 1404 dicionique

145 1410 372 1493 permissuros:
395 1410 472 1474 deos
491 1409 554 1473 sibi
573 1409 745 1474 deditionis
764 1414 922 1493 auctores,
939 1430 1006 1473 non
1024 1412 1157 1491 metum,

95 1509 127 1557 14
147 1498 265 1580 quippe
288 1497 419 1562 intactis
446 1497 570 1562 viribus
592 1499 704 1581 iugum
727 1499 881 1581 excipere.
926 1497 995 1561 Rex
1018 1496 1156 1561 consilio

145 1585 260 1650 habito
288 1585 413 1650 deditos
441 1586 475 1649 in
501 1586 597 1650 fidem
621 1587 744 1669 accepit
767 1585 942 1669 stipendio,
967 1584 1052 1668 quod
1075 1583 1156 1648 Ara-

146 1674 265 1738 chosiis
287 1678 423 1757 utraque
446 1676 536 1739 natio
559 1675 758 1758 pensitabat,
785 1674 936 1756 inposito.
982 1672 1156 1737 Praeterea

146 1780 172 1825 11
194 1763 287 1826 milia
309 1766 343 1826 et
364 1781 388 1826 n
413 1764 535 1847 equites
559 1765 697 1846 imperat
720 1767 753 1826 et
776 1763 884 1827 omnia
907 1760 1113 1825 oboedienter
1136 1783 1157 1824 a

94 1861 127 1911 11
147 1851 294 1915 barbaris
329 1851 426 1916 facta.
475 1851 626 1916 Invitatis
663 1851 776 1917 deinde
812 1851 852 1914 ad
889 1849 1003 1932 epulas
1035 1849 1156 1933 legatis

146 1940 292 2023 gentium
315 1939 500 2023 regulisque
519 1939 667 2003 exornari
685 1938 868 2003 convivium
886 1937 990 2002 iussit
1026 1951 1047 2000 c
1066 1936 1156 2000 aurei

119 2060 121 2063 ·
145 2027 222 2092 lecti
249 2027 383 2092 modicis
411 2027 590 2092 intervallis
613 2027 713 2110 positi
737 2030 837 2108 erant,
859 2025 952 2090 lectis
979 2024 1155 2089 circumde-

146 2116 237 2180 derat
259 2115 374 2179 aulaea
396 2136 538 2197 purpura
561 2136 701 2199 auroque
723 2115 892 2198 fulgentia,
920 2113 1074 2197 quidquid
1098 2115 1156 2176 aut

146 2203 231 2284 apud
262 2201 377 2266 Persas
409 2206 519 2266 vetere
550 2203 626 2266 luxu
658 2206 714 2267 aut
743 2202 828 2284 apud
855 2201 1047 2266 Macedonas
1070 2223 1156 2267 nova

146 2291 373 2354 immutatione
392 2293 578 2372 corruptum
597 2294 679 2372 erat,
703 2291 844 2355 confusis
864 2291 1030 2373 utriusque
1047 2289 1155 2373 gentis

94 2390 126 2438 16
146 2378 234 2442 111111
257 2378 292 2443 in
314 2379 372 2443 illo
392 2378 539 2442 convivio
559 2379 738 2443 ostendens.
775 2377 936 2443 Intererat
953 2377 1057 2461 epulis
1075 2375 1206 2444 Dio-29

145 2468 262 2550 xippus
284 2466 511 2551 ihtheniensis,
540 2466 632 2551 pugil
653 2466 774 2531 nobilis
798 2471 831 2531 et
853 2469 894 2532 ob
919 2466 1069 2532 eximiam
1092 2466 1155 2530 vir·

144 2559 249 2620 tutem
275 2555 391 2620 virium
419 2556 518 2620 etiam
545 2555 615 2639 regi
642 2559 794 2638 pernotus
823 2558 855 2619 11
882 2557 1002 2639 gratus.
1045 2553 1155 2619 Invidi

145 2644 343 2727 malignique
374 2643 583 2726 increpabant
612 2665 670 2727 per
702 2645 786 2707 seria
813 2647 846 2707 et
872 2641 983 2707 ludum
1010 2641 1156 2725 saginati

146 2732 289 2813 corporis
321 2733 412 2816 sequi
443 2732 591 2796 inutilem
623 2732 764 2796 beluam:
801 2753 873 2797 cum
903 2731 967 2814 ipsi
994 2729 1156 2813 proelium

145 2818 277 2901 inirent,
314 2820 385 2884 oleo
416 2820 598 2884 madentem
633 2841 827 2903 praeparare
843 2832 846 2837 “
862 2822 1008 2884 ventrem
1040 2817 1156 2902 epulis.

95 2918 125 2966 11
146 2906 270 2972 Eadem
293 2906 394 2991 igitur
417 2908 451 2972 in
472 2907 617 2972 convivio
636 2907 796 2972 Horratas
813 2905 948 2976 Macedo
968 2906 1034 2971 iam
1051 2911 1156 2973 temu-

145 2995 252 3059 lentus
285 2997 477 3078 exprobrare
505 2997 535 3060 ei
563 2996 669 3078 coepit
700 2999 733 3060 et
759 2996 940 3078 postulare,
969 2997 1019 3079 ut,
1048 2994 1077 3059 si
1104 2994 1156 3059 vir

146 3087 244 3167 esset,
267 3086 397 3166 postero
420 3083 470 3148 die
489 3105 597 3149 secum
617 3084 703 3148 ferro
727 3084 925 3149 decerneret:
951 3101 1063 3166 regem
1085 3085 1157 3147 tan·

146 3172 217 3237 dem
240 3172 292 3236 vel
313 3171 353 3236 de
377 3194 434 3237 sua
452 3172 635 3236 temeritate
654 3172 705 3236 vel
724 3172 762 3236 de
780 3172 868 3237 illius
886 3171 1017 3255 ignavia
1034 3169 1157 3237 iudice·

96 3271 126 3320 18
146 3265 264 3326 turum.
299 3259 344 3325 Et
367 3283 386 3324 a
404 3260 567 3344 Dioxippo
588 3260 797 3343 contemptim
815 3260 988 3337 militarem
1006 3257 1158 3327 eludente

146 3350 299 3414 ferociam
324 3351 457 3432 accepta
480 3349 625 3413 condicio
644 3352 696 3414 est
718 3371 755 3413 ac
777 3353 907 3432 postero
926 3347 1062 3432 (111111,
1081 3366 1158 3419 cum

93 3435 1159 3610 1.{turriantur.{ricardehicmare

20 3560 26 3636 1
278 3576 288 3612 >
816 3573 824 3590 ·
1145 3557 1160 3571 ·
