2444 3908
436 739 485 841 Q.
511 739 704 824 OURTI
736 738 888 823 RUFI

534 892 788 949 HISTORIARUM

298 1054 739 1154 ALEXANDRI
778 1053 1026 1154 MAGNI

513 1244 805 1311 MACEDONIS

550 1401 659 1455 urnas
677 1401 763 1456 vnn.

598 1542 677 1610 Oen.
698 1542 724 1609 Ι.

123 1684 138 1734 1
244 1668 441 1752 Alexander,
466 1669 535 1732 tam
561 1667 762 1731 memorabili
790 1666 926 1732 victoria
952 1665 1074 1752 laetus,
1101 1673 1193 1752 qual

158 1757 222 1823 sibi
243 1756 383 1823 Orientis
406 1755 481 1821 finis
500 1758 629 1838 apertos
651 1776 721 1820 esse
744 1755 909 1839 censebat,
932 1753 1000 1821 Soli
1023 1754 1164 1821 victimis

157 1845 259 1911 caesis
287 1844 408 1909 milites
432 1864 571 1928 quoque,
593 1864 661 1926 quo.
678 1842 930 1926 promptioribus
954 1843 1070 1908 animis
1093 1844 1165 1908 reli·

158 1956 222 2017 qua
243 1933 321 1998 belli
344 1933 486 2014 obirent,
508 1952 567 2014 pro
590 1930 738 2008 contione
760 1930 907 1995 laudatos
931 1931 1052 2015 docuit,
1075 1931 1165 2015 quid·

157 2020 234 2104 quid
251 2019 341 2084 Indis
359 2018 477 2083 virium
498 2017 628 2101 brissei,
650 2018 708 2082 illa
726 2018 932 2083 dimicatione
949 2022 1164 2102 prostratum:

157 2112 263 2172 cetera
287 2107 429 2190 opimam
450 2105 603 2188 praedam
625 2105 695 2171 fore
714 2105 953 2189 celebratasque
976 2128 1054 2191 opes
1072 2106 1108 2171 in
1126 2128 1165 2172 ea

121 2210 138 2260 2
157 2194 289 2278 regione
307 2194 460 2276 eminere,
483 2214 580 2277 quam
602 2195 758 2274 peterent
793 2192 933 2258 Proinde
951 2193 1018 2258 iam
1036 2194 1113 2259 vilia
1132 2198 1164 2259 et

157 2283 306 2347 obsoleta
330 2301 400 2346 esse
422 2280 527 2363 spolia
551 2281 589 2344 de
612 2279 732 2344 Persis:
755 2282 893 2364 gemmis
916 2282 1164 2368 margaritisque

157 2373 190 2435 et
220 2391 298 2435 auro
328 2373 424 2454 atque
452 2368 548 2434 ebore
574 2367 797 2433 Macedoniam
822 2367 1068 2454 Graeciamque,
1098 2391 1165 2434 non

121 2477 233 2528 asuas
259 2462 387 2526 tantum
418 2456 531 2522 domos
562 2457 721 2539 repletum
747 2456 804 2521 ire.
853 2455 949 2522 Aridi
981 2457 1103 2522 milites
1131 2461 1165 2522 et

125 2591 126 2594 κ
157 2547 311 2630 pecuniae
343 2547 376 2610 et
408 2544 543 2628 gloriae,
576 2543 671 2608 simul
708 2544 784 2628 quia
814 2565 989 2628 numquam
1020 2566 1076 2610 eos
1109 2545 1164 2610 ad·

156 2633 297 2698 firmatio
317 2633 385 2697 eius
407 2631 582 2714 fefellerat,
604 2631 798 2714 pollicentur
818 2653 957 2715 operam
996 2631 1164 2698 Dimissis-

158 2741 218 2803 que
242 2742 314 2785 oum
335 2720 422 2785 bona
443 2740 501 2803 spe
522 2719 653 2802 navigia
671 2719 870 2784 exaedificari
892 2719 995 2803 iubet,
1017 2722 1067 2803 ut,
1090 2741 1164 2785 cnm

93 2873 96 2878 ,
156 2811 261 2873 totam
293 2806 406 2871 Asiam
440 2805 706 2890 percucurrisset,
741 2807 838 2870 finem
869 2810 1042 2892 terrarum,
1074 2830 1164 2874 mare

121 2895 320 2964 sinriseret
364 2893 468 2959 Multa
495 2894 632 2958 materia
654 2894 778 2957 navalis
802 2894 837 2958 in
862 2895 1019 2977 proximis
1046 2896 1164 2961 monti·

156 2983 218 3048 bus
242 2985 324 3046 erat:
352 3004 447 3066 quam
471 2981 601 3046 caedere
624 2981 770 3064 adgressi
793 2981 1025 3066 magnitudinis
1053 2983 1165 3049 invisi·

122 3073 246 3140 statae
261 3091 429 3154 repperere
444 3071 617 3152 serpentes.
648 3068 882 3134 Rhinocerotes
900 3090 1036 3154 quoque,
1054 3092 1164 3136 rarum

158 3158 236 3224 alibi
259 3158 394 3241 animal,
416 3158 452 3221 in
473 3156 575 3221 isdem
598 3156 763 3221 montibus
787 3159 888 3222 erant
929 3154 1080 3223 (letarum
1103 3159 1166 3224 hoo

156 3269 274 3313 nomen
297 3245 399 3311 beluis
422 3244 559 3309 inditum
578 3242 762 3324 elimacis,
785 3244 942 3309 sermonis
966 3246 1034 3310 eius
1057 3247 1166 3332 ignari

122 3335 245 3405 saliud
272 3335 384 3419 lingua
406 3354 465 3398 sua
486 3335 652 3415 usurpant.
696 3331 766 3396 Rex
789 3332 911 3397 duabus
934 3332 1069 3399 urbibus
1092 3356 1167 3400 con·

157 3423 234 3489 ditis
271 3423 305 3488 in
341 3425 476 3506 utraque
513 3419 672 3504 fluminis,
708 3419 793 3504 quod
830 3425 1056 3506 superaverat,
1091 3422 1166 3506 ripa
