2444 3908
109 135 172 200 198
463 92 512 197 o.
531 128 743 187 anacreon

106 280 226 364 itaqua,
242 275 358 342 necubi
375 276 564 360 vinceretur,
582 296 655 339 eum
673 274 787 340 ceteris
805 274 995 356 praestaret,
1015 271 1117 337 scutis

108 370 276 452 argenteas
299 366 438 448 lamnas,
461 364 550 447 equis
573 362 681 428 frenos
703 381 818 426 aureos
837 361 973 443 addidit,
996 360 1117 425 loricas

108 476 234 540 quoque
253 453 335 519 alias
354 475 446 536 auro,
468 452 548 516 alias
567 454 702 536 argento
722 449 899 514 adornavit.
937 465 1006 513 cxx
1024 448 1119 511 milia

108 545 306 608 armatorum
320 543 421 625 erant,
436 560 517 623 quae
531 559 641 623 regem
655 538 696 603 ad
709 538 744 602 id
756 537 879 602 bellum
889 537 1118 620 sequebantur.

73 630 239 713 clamque
263 629 413 694 omnibus
436 627 651 712 praeparatis,
679 624 763 709 quod
787 625 864 689 olim
886 644 988 707 prava
1010 628 1119 689 mente

109 721 314 802 conceperat,
339 721 416 782 tunc
443 737 513 780 esse
541 719 703 780 maturum
730 718 832 795 ratus,
859 733 1000 796 quonam
1022 711 1119 777 modo
1214 769 1216 776 .

109 807 264 872 caelestes
278 806 416 870 honores
430 806 609 887 usurparet,
628 802 735 884 coepit
747 801 880 886 agitare.
912 798 999 864 Iovis
1014 800 1120 865 filium

108 916 173 960 nou
193 893 258 959 dici
279 897 408 958 tantum
427 913 475 975 se,
493 892 550 956 sed
568 891 666 956 etiam
686 889 771 954 credi
789 886 935 972 volebat,
952 891 1120 971 tamquam

74 979 242 1063 eperinde
274 977 390 1042 animis
421 975 579 1060 imperare
611 978 723 1059 posset
749 996 786 1039 ac
811 973 932 1058 linguis
955 973 1119 1058 jussitque

110 1089 200 1131 more
222 1064 394 1129 Persarum
416 1063 609 1128 Macedonas
633 1062 876 1128 venerabundos
900 1062 1007 1145 ipsum
1032 1062 1119 1126 salu-

110 1159 180 1219 tare
198 1155 437 1238 prosternentes
455 1151 546 1216 humi
565 1173 708 1235 corpora.
740 1150 814 1216 Non
828 1150 939 1213 deerat
952 1150 1032 1214 talia
1046 1171 1119 1214 con-

111 1241 288 1324 cupiscenti
301 1240 484 1324 perniciosa
498 1240 651 1322 adulatio,
664 1241 854 1323 perpetuum
865 1239 986 1303 malum
995 1257 1119 1323 regum,

111 1343 244 1405 quorum
272 1343 348 1405 opes
373 1323 499 1406 saepius
528 1322 711 1387 adsentatio
740 1343 837 1405 quam
863 1321 968 1387 hostis
994 1324 1120 1389 evertit.

76 1421 92 1472 ἰ
110 1408 179 1475 Nec
192 1409 403 1474 Macedonum
420 1409 501 1474 haec
519 1413 588 1474 erat
606 1410 700 1493 culpa
715 1445 757 1456 —
771 1430 866 1474 nemo
885 1410 971 1474 enim
988 1411 1120 1476 illorum

111 1498 282 1580 quicquam
301 1518 339 1561 ex
357 1497 464 1581 patrio
483 1518 572 1562 more
590 1499 699 1563 labare
719 1497 927 1562 sustinuit-
944 1497 1002 1562 sed
1021 1497 1119 1563 Grae-

111 1606 229 1669 corum,
248 1585 304 1669 qui
322 1585 555 1668 professionem
573 1585 782 1650 honestarum
797 1585 916 1651 artium
936 1586 1030 1651 malis
1050 1607 1119 1651 cor·

77 1676 267 1757 eruperant
284 1673 436 1738 moribus.
472 1673 555 1757 Agis
577 1673 708 1757 quidam
726 1672 882 1758 Argivus,
904 1675 1120 1757 pessimorum

110 1762 288 1826 carminum
310 1764 385 1844 post
402 1758 588 1828 Choerilum
610 1760 773 1843 conditor,
799 1764 832 1826 et
850 1783 889 1825 ex
908 1758 1018 1827 Sicilia
1040 1760 1119 1828 Cleo

112 1885 151 1895 -
175 1850 229 1913 hic
252 1849 379 1932 quidem
402 1871 468 1914 non
490 1849 612 1933 ingenii
635 1849 753 1932 solum,
775 1847 832 1913 sed
855 1849 953 1913 etiam
975 1850 1119 1914 nationis

110 1937 190 2002 vitio
208 1937 412 2002 adulator-
432 1941 465 2002 at
483 1943 590 2001 cetera
608 1937 737 2001 urbium
756 1957 886 2002 suarum
904 1940 1121 2022 purgamenta

109 2023 299 2109 propinquis
329 2025 429 2090 etiam
455 2025 731 2109 maximorumque
758 2025 956 2090 exercituum
984 2025 1119 2090 ducibus

111 2135 130 2176 a
156 2131 233 2195 rege
255 2112 530 2196 praeferebantur.
569 2112 614 2176 Hi
631 2116 702 2176 tum
720 2112 845 2177 caelum
862 2111 911 2176 illi
930 2113 1120 2196 aperiebant

109 2198 345 2282 Herculemque
363 2203 397 2263 et
413 2198 542 2263 Patrem
555 2198 707 2264 Liberum
725 2202 758 2264 et
775 2220 848 2263 eum
860 2199 993 2278 Polluce
1007 2198 1120 2267 Casto·

76 2300 178 2352 arem
196 2308 281 2351 novo
301 2287 424 2350 numini
443 2308 589 2352 cessuros
609 2309 678 2352 esse
695 2288 871 2352 iactabant.
906 2285 1012 2371 Igitur
1032 2288 1118 2354 festo
1131 2288 1171 2352 18

110 2375 161 2439 dia
185 2374 274 2438 omni
297 2375 463 2458 opulentia
481 2375 662 2440 convivium
682 2375 833 2441 exornari
855 2374 960 2458 iubet,
983 2377 1035 2440 cui
1051 2397 1120 2442 non

109 2461 300 2528 Macedones
323 2463 421 2528 modo
444 2466 477 2528 et
500 2461 634 2546 Graeci,
657 2463 820 2546 principes
844 2463 1034 2548 amicorum,
1062 2464 1118 2529 sed

111 2552 210 2616 etiam
229 2551 356 2617 barbari
377 2549 514 2618 nobiles
528 2551 763 2616 adhiberentur.
800 2548 883 2615 (lum
905 2552 1022 2634 quibus
1045 2573 1119 2617 cum

110 2639 325 2705 discubuisset
342 2660 412 2724 rex,
433 2639 597 2722 paulisper
615 2640 761 2723 epulatus
780 2637 927 2704 convivio
947 2639 1119 2724 egreditur.

87 2725 200 2809 ¹(ileo,
224 2729 308 2792 sicut
329 2731 557 2810 praeparatum
578 2732 661 2810 erat,
684 2747 864 2791 sermonem
883 2747 956 2790 cnm
979 2727 1118 2792 admira·

58 2826 92 2877 ιο
110 2815 199 2878 tione
222 2815 352 2878 laudum
371 2815 439 2879 eius
462 2814 612 2880 instituit
650 2813 767 2879 Merita
784 2813 898 2879 deinde
920 2816 1119 2899 percensuit:

112 2901 228 2985 quibus
252 2923 315 2966 uno
339 2900 435 2966 modo
457 2901 571 2967 referri
594 2901 733 2987 gratiam
756 2924 865 2986 posse,
888 2903 930 2987 si,
953 2923 1048 2986 quem
1071 2903 1119 2968 in·

109 2989 306 3075 tellegerent
327 2989 420 3054 deum
444 3011 528 3074 esse,
555 2990 797 3072 confiterentur,
827 2991 942 3075 exigua
963 2989 1047 3056 turis
1070 2990 1119 3055 in·

59 3091 211 3162 11pensa
237 3079 332 3142 tanta
357 3077 513 3142 beneficia
539 3078 712 3161 pensaturi.
757 3077 873 3143 Persas
901 3078 1030 3163 quidem
1052 3100 1119 3144 non

110 3167 164 3251 pie
187 3165 306 3249 solum,
330 3165 386 3230 sed
409 3166 507 3231 etiam
531 3166 704 3249 prudenter
726 3186 817 3251 reges
840 3187 916 3231 suos
937 3167 1022 3231 inter
1041 3165 1118 3232 deos

111 3255 228 3319 colere:
256 3254 459 3319 maiestatem
483 3255 569 3318 enim
591 3253 719 3338 imperii
743 3253 856 3319 salutis
880 3275 950 3319 essa
972 3254 1119 3320 tutelam.

110 3343 161 3409 Ne
178 3342 351 3408 Herculem
370 3337 499 3427 quidem
517 3346 552 3407 et
568 3341 699 3408 Patrem
714 3341 867 3406 Liberum
886 3342 975 3425 prius
994 3342 1118 3407 dicatos

112 3430 202 3516 deos,
225 3453 321 3515 quam
343 3429 497 3496 vicissent
518 3451 625 3495 secum
648 3428 825 3495 viventium
848 3428 1018 3495 invidiamt
1048 3434 1119 3494 tan·

111 3520 244 3586 tundam
277 3540 402 3605 quoque
432 3522 580 3605 posteros
609 3517 749 3602 eredere,
781 3521 937 3602 quantum
965 3539 1119 3601 praesens
