2444 3908
111 117 151 179 14
482 111 514 176 o.
534 111 747 183 1111111111

108 259 149 323 ad
172 256 402 341 explorandum
422 255 486 320 iter
505 255 616 338 saltus,
639 276 697 338 per
720 277 814 338 quem
835 255 876 320 ad
894 256 1006 321 urbem
1024 256 1123 324 Isson

74 346 237 416 rnomine
265 343 498 428 penetrandum
526 345 604 407 erat.
649 342 756 426 Atque
783 343 838 407 illc
867 345 1026 428 angustiis
1050 347 1124 412 eius

110 433 273 514 occupatis
306 434 339 497 et
370 431 531 515 praesidio
563 431 688 496 modico
721 431 834 496 relicto
867 432 962 496 Isson
993 455 1124 518 quoque
1181 476 1184 483 ι

109 520 270 584 desertam
298 543 318 584 a
343 519 493 583 barbaris
517 521 654 601 ceperat.
698 518 776 582 Inde
799 540 989 603 progressus
1013 520 1123 586 detur·

108 608 211 690 batis,
247 608 302 690 qui
333 607 489 680 interiora
519 606 679 670 montium
711 607 917 691 obsidebant,
949 609 1123 691 praesidiis

110 699 225 760 cuncta
251 696 393 760 firmavit
419 697 638 778 occupatoque
660 694 789 778 itincre,
818 695 901 759 sicut
922 696 1020 778 paulo
1045 704 1124 760 ante

74 784 176 854 sdict
176 807 231 847 um
262 787 326 867 est,
357 783 443 847 idem
470 785 503 847 11
530 786 642 846 111111
669 786 702 845 11
723 783 856 846 nuntius
884 784 980 847 venit.
1024 783 1124 849 Isson

110 872 221 936 deinde
240 893 297 936 rex
315 872 425 953 copias
445 870 600 934 admovit:
623 869 680 934 ubi
699 870 833 935 consilio
852 870 1033 953 habito,t
997 895 1019 935 u
1018 874 1122 936 trum-

108 982 149 1024 ne
171 961 220 1023 1111
206 964 258 1023 111
279 958 547 1043 progrediendum
565 957 658 1041 foret,
682 980 724 1021 an
742 959 789 1021 ibi
809 922 995 1042 opperiendi
1010 963 1123 1024 essent

108 1048 184 1113 novi
206 1046 291 1110 milit
277 1050 339 1128 111,
367 1067 447 1128 quos
472 1067 511 1109 11
532 1044 722 1109 Macedonia
744 1046 916 1111 adventare
940 1048 1125 1132 constabat,

109 1134 278 1198 Parmenio
301 1153 367 1196 non
389 1132 489 1196 alium
511 1133 618 1196 locum
640 1135 762 1216 proelio
782 1135 942 1217 aptiorem
961 1156 1031 1199 esse
1049 1156 1124 1199 cen·

75 1223 241 1292 9111111.
260 1218 387 1302 Quippe
421 1220 488 1284 illic
523 1221 690 1304 utriusque
724 1222 810 1304 regis
843 1223 953 1304 copias
985 1244 1123 1288 numero

109 1309 159 1372 fut
145 1312 235 1372 turas
258 1329 367 1391 pares,
390 1329 462 1371 eum
487 1308 654 1408 angustiae
677 1308 915 1372 multitudinem
937 1331 1004 1374 non
1028 1331 1123 1393 cape-

109 1399 189 1460 rent.
234 1395 445 1458 Planitiem
435 1395 529 1545 lpsis
547 1416 746 1495 camposque·
770 1416 840 1460 esse
868 1418 899 1459 vr
891 1397 1031 1478 't,andos
1063 1398 1123 1462 ubi

110 1483 285 1566 circumiri,
312 1482 369 1547 ubi
396 1483 531 1566 ancipiti
559 1483 627 1546 acie
654 1483 793 1565 opprimi
815 1487 965 1565 possent:
997 1448 1123 1570 timere,

109 1593 149 1635 ne
171 1593 238 1635 non
259 1571 379 1634 virtute
401 1570 559 1654 hostium,
583 1571 639 1634 sed
660 1569 850 1634 lassitudine
875 1592 933 1635 sua
957 1572 1123 1636 vinceren-

109 1663 176 1723 tur.
198 1658 314 1722 Persas
333 1661 477 1722 recentes
491 1657 625 1722 subinde
640 1678 852 1742 successuros,
871 1680 899 1722 s1
890 1658 1016 1723 ’laxius
1032 1661 1123 1724 stare

2 1801 5 1820 ,
59 1768 91 1816 10
109 1768 152 1829 po
155 1747 301 1811 tuissent.
345 1745 532 1810 Pacilet
481 1748 532 1809 rat
533 1746 565 1810 io
587 1750 656 1809 tam
679 1745 817 1810 salubris
840 1747 966 1811 consilii
989 1752 1123 1830 accepta

111 1837 168 1898 est.
217 1834 330 1918 Itaque
365 1835 451 1898 inter
487 1835 654 1919 angustias
687 1835 789 1900 saltus
820 1835 948 1899 hostem
980 1837 1122 1919 opperiri

22 1966 24 1971 ·
111 1923 262 1988 statuits

59 2030 90 2078 11
197 2011 280 2075 Erat
302 2011 338 2075 in
360 2011 501 2085 exercitu
522 2011 608 2094 regis
633 2008 761 2074 Sisenes
784 2009 908 2073 Perses.
950 2010 1119 2086 Quondam
1134 2019 1178 2084 18

95 2119 131 2161 ·a
152 2101 301 2179 praetore
324 2097 469 2181 Aegypti
494 2098 613 2160 missus
638 2095 678 2159 ad
700 2096 886 2177 Philippum
910 2097 1064 2181 donisque
1088 2103 1122 2163 11

38 2202 43 2209 ·
112 2185 199 2247 omni
230 2183 353 2247 honore
386 2184 491 2248 cultus
523 2183 656 2245 exilium
686 2183 794 2265 patria
822 2183 897 2246 sede
924 2189 1121 2251 mutaverat:

112 2273 239 2334 secutus
264 2269 375 2334 deinde
398 2270 433 2334 in
450 2269 565 2334 Asiam
588 2268 806 2332 Alexandrum
829 2271 914 2334 inter
936 2273 1046 2337 fideles
1071 2296 1122 2338 so·

60 2358 178 2426 lacios
209 2357 399 2421 habebatur.
444 2357 529 2422 Huic
557 2357 728 2456 epistolam
752 2355 914 2423 Cretensis
944 2361 1036 2425 miles
1065 2363 1121 2426 ob·

112 2445 275 2530 signatam
299 2445 408 2528 anulo,
431 2445 521 2509 cuius
542 2444 673 2528 signum
696 2443 783 2508 haud
806 2467 882 2510 sane
904 2450 1018 2511 notum
1042 2454 1121 2534 erat,

110 2531 780 2618 tradiditNabarzanes,praeorDare1
802 2534 936 2610 miserat
958 2536 1121 2601 11111111-

110 2623 304 2704 tabaturque
327 2618 485 2705 Sisenem,
515 2624 552 2685 ut
580 2621 711 2705 dignum
739 2583 860 2704 aliquid
880 2623 1051 2688 nobilitate
1018 2627 1122 2689 111

112 2729 172 2791 quc
199 2708 376 2773 maioribus
405 2709 471 2772 suis
475 2671 619 2772 'ederes
650 2730 768 2792 magno
796 2711 879 2774 id'
851 2732 881 2774 11
905 2712 989 2795 apud
1011 2731 1122 2795 regem

60 2818 92 2866 13
111 2796 227 2861 honori
251 2796 330 2861 fore.
362 2795 494 2860 Haslit
479 2799 581 2860 tteras
605 2794 741 2880 Sisenes,
764 2801 877 2881 utpote
900 2798 1057 2881 innoxius,
1080 2800 1122 2864 ad

111 2883 330 2948 Alexandrum
349 2905 444 2968 saepe
463 2883 585 2948 deferre
603 2887 708 2965 tempt
710 2848 784 2968 aiit,
805 2886 860 2949 sed
879 2906 951 2949 cum
969 2888 1021 2949 tot
1037 2888 1120 2951 curis

113 2994 234 3055 appara
235 2976 332 3055 tuque
359 2972 438 3037 belli
464 2993 574 3056 regem
596 2971 720 3035 videret
741 2973 885 3056 urgueri,
918 2974 1023 3056 aptius
1048 2975 1121 3039 sub·

111 3061 186 3124 inde
213 3063 340 3144 tempus
367 3063 541 3143 expectans
565 3059 779 3142 suspicionem
801 3060 874 3123 initi
898 3062 1024 3125 scelesti
1048 3083 1122 3126 eon-

61 3147 177 3216 1411111
198 3149 356 3230 praebuit.
399 3146 547 3231 Namque
571 3146 723 3230 epistola,
747 3147 936 3230 priusquam
959 3149 988 3212 ei
1011 3148 1120 3213 redde-

111 3240 213 3320 retur,
235 3237 269 3300 11
290 3258 405 3302 manus
428 3236 603 3301 Alexandri
626 3238 824 3319 pervenerat,
846 3235 1027 3319 lectamque
1050 3259 1122 3301 eam

114 3325 174 3407 [et]
202 3324 306 3409 ignoti
334 3325 423 3388 anuli
450 3324 556 3407 sigillo
584 3325 733 3408 inpresso
757 3320 862 3387 Siseni
889 3322 959 3387 dari
982 3325 1121 3390 iusserat

61 3432 93 3483 15
113 3413 154 3477 ad
187 3412 419 3478 aestimandam
449 3411 545 3475 fidem
572 3411 713 3476 barbari.
763 3410 825 3486 Qui
852 3411 928 3493 quia
958 3434 1016 3496 per
1049 3435 1122 3478 con-

112 3501 222 3585 plures
250 3501 316 3567 dies
339 3522 406 3567 non
429 3500 554 3565 adierat
575 3522 697 3585 regem,
729 3501 864 3564 scelesto
892 3501 1027 3567 consilio
1051 3524 1122 3568 eam
