2444 3908
289 85 542 140 HISTORIARUM
561 86 774 141 ALEXANDRI
793 87 830 155 X,
851 94 873 144 7.
1021 87 1087 150 279

81 229 258 311 clamitans,
282 229 452 311 suffragari
476 230 544 312 spei
566 230 713 312 publicae
735 230 773 294 de
791 251 875 295 novo
894 251 971 314 rege
988 231 1087 313 paulo

81 320 156 380 ante
171 321 344 399 conceptae
357 317 455 381 robur
470 317 600 381 aetatis:
616 318 836 399 experirentur
848 319 942 383 modo
954 319 1087 401 stirpem

81 404 223 486 Philippi
247 409 279 467 et
302 404 403 468 filium
428 426 464 468 ac
486 404 619 469 fratrem
643 426 757 489 regum
780 408 929 470 duorum:
958 407 1088 470 sibimet

81 492 161 574 ipsis
184 492 389 574 potissimum
414 492 586 556 crederent.
622 490 756 556 Nullum
777 494 972 577 profundum
990 505 1140 576 mare,11

79 581 206 643 nullum
230 583 359 644 vastum
382 578 502 643 fretum
521 584 554 643 et
571 581 786 663 procellosum
805 584 915 645 tantos
934 582 997 645 ciet
1014 583 1089 646 fluc-

80 671 147 746 tus,
176 671 314 750 quantos
342 668 514 732 multitudo
543 671 649 732 motus
676 668 789 751 habet,
816 669 926 751 utique
954 670 982 732 si
1004 691 1089 734 nova

81 757 115 818 et
137 754 227 818 brevi
250 755 403 819 duratura
432 755 582 819 libertate
604 755 753 819 luxuriat.
797 755 895 820 Pauci
920 756 1089 820 Perdiccae
1109 769 1142 816 12

81 842 177 905 modo
206 843 320 925 electo,
352 843 461 925 plures
487 842 652 926 Philipp0,
680 864 775 926 quem
803 848 1002 926 spreverant,
1031 845 1089 906 im·

81 931 205 1011 perium
240 930 367 995 dabant.
414 928 483 994 Nec
513 931 596 995 velle
627 952 686 994 nec
717 932 804 995 nolle
836 932 1007 1015 quicquam
1035 931 1090 995 diu

81 1022 234 1099 poterant
255 1018 503 1101 paenitebatque
526 1018 620 1082 modo
645 1019 785 1102 consilii,
809 1019 902 1082 modo
925 1020 1089 1101 paeniten-

80 1106 147 1168 tiae
179 1106 290 1188 ipsius.
335 1105 386 1168 Ad
418 1105 569 1169 ultimum
600 1110 708 1170 tamen
737 1107 772 1170 in
805 1107 938 1189 stirpem
966 1107 1090 1188 regiam

81 1192 277 1256 inclinavere
306 1193 430 1256 studiis.
475 1191 625 1257 Cesserat
648 1215 687 1256 ex
712 1195 860 1259 contione
883 1194 1090 1278 Arrhidaeus,
1110 1205 1143 1254 13

81 1280 262 1362 principum
286 1281 477 1345 auctoritate
499 1282 707 1366 conterritus,
731 1284 763 1345 et
781 1282 920 1347 abeunte
938 1282 997 1345 1110
1017 1303 1090 1346 con·

81 1367 220 1431 ticuerat
248 1369 351 1451 magis
381 1390 477 1451 quam
500 1370 689 1453 elanguerat
712 1370 864 1433 militaris
887 1369 988 1434 favor.
1024 1367 1089 1433 Ita·

82 1476 143 1536 que
162 1460 330 1520 revocatus
349 1459 472 1520 vestem
494 1455 604 1520 fratris
628 1478 699 1520 eam
717 1457 832 1540 ipsam,
856 1480 937 1541 quae
955 1458 991 1521 in
1009 1458 1090 1520 sella

82 1543 189 1624 posita
211 1543 330 1624 fuerat,
356 1543 507 1607 induitur.
552 1544 597 1607 Et
617 1544 781 1627 Meleager
802 1546 936 1609 thorace
959 1548 1087 1628 sumpto
1110 1556 1143 1606 10

81 1630 170 1710 capit
205 1653 308 1712 arma,
344 1631 420 1694 novi
453 1630 539 1714 regis
574 1631 712 1697 satelles.
761 1630 913 1715 Sequitur
948 1632 1091 1714 phalanx

81 1717 186 1780 hastis
210 1717 330 1800 clipeos
355 1718 510 1800 quatiens,
536 1719 702 1799 expletura
725 1739 759 1782 se
778 1720 934 1802 sanguine
952 1720 1092 1802 illorum,

83 1805 137 1886 qui
159 1803 399 1868 adfectaverant
418 1805 499 1867 nihil
519 1805 558 1869 ad
576 1806 665 1886 ipsos
683 1806 846 1889 pertinens
870 1827 1015 1889 regnum.
1051 1805 1091 1870 In
1111 1818 1143 1866 15

84 1892 195 1956 eadem
219 1892 313 1956 domo
337 1891 524 1974 familiaque
548 1892 677 1974 imperii
694 1893 780 1956 vires
799 1914 1003 1958 remansuras
1023 1915 1091 1958 esse

83 1979 279 2061 gaudebant:
298 1979 527 2043 hereditarium
546 1978 715 2062 imperium
736 1981 870 2063 stirpem
887 1981 1010 2062 regiam
1025 1981 1092 2044 vin-

83 2065 274 2149 dicaturam,
298 2067 448 2131 adsuetos
473 2089 542 2132 esse
564 2089 682 2132 nomen
704 2068 811 2150 ipsum
835 2069 940 2134 colere
963 2090 1092 2132 venera-

82 2154 173 2238 rique
196 2176 255 2218 nec
274 2176 464 2238 quemquam
483 2155 517 2218 id
536 2177 648 2238 capere
665 2156 730 2219 nisi
748 2157 902 2240 genitum,
924 2160 960 2220 ut
978 2177 1092 2241 regna

31 2243 142 2308 24101.
177 2242 283 2326 Igitur
305 2243 458 2308 Perdicca
481 2244 613 2308 territus
634 2244 795 2327 conclave,
818 2245 852 2308 in
873 2266 935 2328 quo
953 2245 1144 2308 Alexan-'lo

84 2330 134 2394 dri
157 2351 271 2415 corpus
289 2331 430 2413 iacebat,
448 2331 593 2396 obserari
610 2331 709 2396 iubet.
744 2348 791 2396 Dc
814 2353 886 2396 cum
909 2333 980 2415 ipso
1001 2336 1092 2397 erant

84 2420 247 2500 spectatae
266 2418 409 2501 virtutis,
432 2417 637 2482 Ptolemaeus
657 2440 783 2501 quoque
802 2441 836 2483 se
856 2420 1044 2483 adiunxerat
1063 2420 1092 2484 ei

83 2526 319 2589 puerorumque
336 2506 427 2588 regia
446 2505 570 2569 cohors.
606 2503 756 2569 Ceterum
774 2505 861 2569 haud
881 2505 1052 2570 difficulter
1072 2529 1092 2570 a
1112 2518 1144 2566 lv

82 2597 133 2658 tot
165 2592 297 2657 milibus
328 2595 527 2657 armatorum
559 2592 699 2657 claustra
731 2592 894 2675 perfracta
921 2596 1004 2657 sunt.
1048 2594 1093 2658 Et

82 2702 139 2746 rex
166 2700 293 2764 quoque
319 2679 485 2763 inruperat
511 2680 651 2763 stipatus
679 2680 857 2745 satellitum
880 2681 989 2765 turba,
1015 2704 1092 2765 quo·

82 2790 155 2833 rum
181 2768 332 2850 princeps
354 2766 518 2852 Meleager
538 2772 613 2832 crat.
657 2766 825 2853 Iratusque
848 2767 1001 2833 Perdicca
1022 2769 1092 2852 hos,
1111 2781 1145 2829 18

84 2855 141 2938 qui
167 2854 341 2919 Alexandri
366 2876 480 2938 corpus
503 2855 588 2919 tueri
609 2854 744 2939 vellent,
771 2860 914 2921 sevocat:
943 2856 1012 2937 sed,
1037 2857 1092 2940 qui

83 2943 285 3026 inruperant,
308 2942 433 3007 eminus
455 2944 521 3007 tela
538 2942 573 3007 111
590 2942 697 3027 ipsum
713 2943 883 3009 iaciebant
913 2943 1092 3027 Multisque

84 3029 260 3094 vulneratis
278 3028 409 3095 tandem
427 3029 571 3095 seniores
589 3028 728 3115 demptis
746 3031 861 3117 galeis,
880 3032 1091 3183 Qfaeffius

83 3116 174 3182 nosci
199 3120 348 3201 possent,
375 3116 502 3201 precari
528 3138 599 3203 eos,
628 3118 686 3203 qui
711 3140 785 3185 cum
809 3119 878 3185 Per·
991 3123 1093 3202 erant,

82 3226 230 3288 coepere,
251 3207 290 3269 ut
312 3204 507 3271 absisterent
527 3204 614 3271 110110
632 3206 854 3295 1011010011
970 3230 984 3271 s
1004 3208 1092 3271 cede-

83 3296 165 3357 rent
204 3292 334 3357 Primus
359 3290 513 3365 Pcrdiccn
536 3312 628 3363 arma
648 3292 732 3379 depo
754 3364 778 3375 Ι,
816 3306 820 3315 ’
968 3294 1092 3358 cidem
1113 3307 1145 3354 19

83 3379 196 3447 iecere.
230 3377 735 3467 110101131011011111011111111110,ι
766 3394 769 3399 '
801 3438 808 3453 .,
966 3402 988 3443 ·c
1018 3383 1092 3445 Ale-

82 3466 730 3565 1110111111(11000110101111,11101111111001111,ι
969 3468 1094 3534 ¹diversa
1178 3470 1183 3476 ’
