2444 3908
125 115 165 178 72
282 177 285 184 ,
494 115 526 180 Q.
546 115 655 169 CURTI
673 115 760 169 RUFI

122 261 286 343 pulsamus
318 259 463 323 inlatum.
517 257 679 323 Iactamur
710 259 847 323 invicem
877 260 1031 323 varietate
1065 259 1134 325 for·

122 351 227 411 tunae.
271 346 429 411 Videlicet
459 347 643 430 imperium,
675 347 750 431 quia
781 349 893 411 mutuo
923 347 1132 431 adfectamus,

69 455 103 502 aa
122 456 187 499 una
209 455 288 519 gens
311 456 379 498 non
400 434 494 516 capit.
540 432 696 518 Ceterum,
722 434 847 499 etiamsi
870 455 942 517 spes
965 456 1033 499 non
1055 436 1132 499 sub·
1143 435 1189 501 55

123 525 219 604 esset,
241 522 415 586 necessitas
437 525 547 585 tamen
569 522 733 586 stimulare
756 522 896 585 deberet:
924 522 965 587 ad
988 525 1133 588 extrema

121 614 310 692 perventum
333 613 390 674 est.
434 608 572 673 Matrem
594 630 708 693 meam,
731 615 808 673 duas
830 609 922 692 filias,
948 610 1072 674 Ochum
1095 612 1132 674 in

123 719 212 780 spem
234 698 329 761 huius
352 697 478 780 imperii
500 697 658 781 genitum,
680 697 849 781 principes
872 698 961 760 illam
984 698 1132 762 subolem

122 787 229 870 regiae
266 786 386 869 stirpis,
423 785 517 849 duces
554 787 677 849 vestros
712 805 840 848 reomm
870 786 973 848 instar
1004 785 1132 851 vinctos

122 872 233 937 habet:
265 874 329 937 nisi
356 874 432 957 quid
459 873 495 936 in
521 872 612 936 vobis
640 871 710 956 opis
738 875 799 954 est,
831 892 891 956 ego
918 873 1037 936 maiore
1064 874 1131 937 mei

122 966 214 1044 parte
242 961 385 1043 captivus
411 982 491 1024 sum.
535 959 661 1043 Eripite
682 960 804 1023 viscera
825 982 897 1024 mea
919 981 958 1024 ex
980 961 1131 1026 vinculisz

122 1049 280 1112 restituite
303 1048 382 1111 mihi
404 1049 554 1131 pignora,
581 1069 639 1131 pro
659 1048 778 1132 ¹quibus
801 1048 864 1130 ipsi
887 1048 968 1112 mori
989 1069 1058 1112 non
1079 1069 1131 1112 re-

123 1137 256 1219 cusatis,
277 1138 452 1218 parentem,
474 1135 606 1198 liberos:
635 1156 711 1198 nam
734 1135 903 1219 coniugem
926 1136 960 1198 in
982 1136 1037 1199 illo
1061 1156 1131 1199 car·

72 1243 193 1290 accere
224 1223 324 1286 amisi.
369 1221 495 1287 Credite
522 1243 608 1286 nunc
635 1243 746 1286 omnes
772 1222 983 1288 hostendere
1006 1222 1130 1288 advos

123 1332 251 1393 manus,
273 1311 435 1393 inplorare
457 1310 579 1392 patrios
603 1309 693 1393 deos,
716 1331 810 1393 opem
832 1313 983 1393 vestram,
1006 1311 1131 1374 miseri·

123 1398 276 1481 cordiam,
307 1398 404 1461 fidem
435 1418 617 1480 exposcere,
648 1401 686 1461 ut
716 1398 935 1480 compedibus,
966 1401 1003 1461 ut
1033 1399 1131 1462 servi-

122 1488 261 1569 tute,u
239 1489 276 1549 ut
293 1485 449 1586 precario
481 1485 607 1549 victu
597 1506 686 1567 ipsos
717 1485 868 1549 liberetis.
917 1484 971 1548 An
1000 1486 1131 1550 creditis

123 1594 224 1655 aequo
248 1572 354 1636 animo
377 1573 417 1636 111
436 1573 561 1654 servire,
585 1593 719 1672 quorum
737 1593 829 1657 reges
848 1594 917 1637 esse
938 1573 1132 1638 fastidiunt?

71 1680 105 1727 14
123 1659 225 1724 Video
253 1660 415 1724 admoveri
436 1661 520 1725 host
496 1665 578 1724 trum
601 1661 714 1724 aciem·
749 1660 804 1725 sed
827 1682 889 1745 quo
912 1661 1044 1744 propius
1067 1661 1131 1724 dis·

123 1747 242 1811 crimen
265 1748 391 1832 accedo,
413 1748 476 1812 hoc
497 1748 604 1813 minus
626 1749 675 1832 iis,
700 1769 782 1834 quae
804 1748 869 1812 dixi
873 1770 1036 1832 ,possum
1059 1769 1131 1813 esse

124 1839 302 1901 contentus.
346 1835 408 1900 Per
444 1858 504 1921 ego
540 1858 597 1901 vos
634 1837 710 1902 deos
746 1838 868 1920 patrios
902 1841 1132 1936 aeternumque

123 1922 241 2007 ignem,
263 1946 317 2009 qm
308 1924 474 2007 praefert
474 1947 512 1988 ur
531 1926 576 1989 alt
578 1925 694 2008 aribus,
715 1924 936 2008 fulgoremque
953 1924 1093 1988 solist
1043 1927 1093 1986 mt
1094 1946 1133 1986 ra

123 2011 203 2075 fines
239 2012 331 2111 regni
366 2012 429 2074 mei
465 2012 615 2095 orientis,
650 2033 708 2095 per
745 2015 906 2074 aeternam
942 2011 1132 2074 memoriam

124 2096 207 2180 Gyri,
231 2099 285 2180 qui
308 2097 492 2180 ademptum
514 2097 616 2160 Medis
635 2097 824 2179 Lydisque
815 2096 983 2178 imperium
1005 2097 1131 2177 primus

123 2184 158 2246 in
180 2183 341 2246 Persidem
363 2183 485 2246 intulit:
512 2183 671 2246 vindicate
698 2183 739 2245 ab
762 2183 875 2245 ultimo
898 2181 1048 2245 dedecore
1070 2203 1130 2245 no-

71 2290 104 2338 11
123 2291 198 2332 men
233 2273 424 2354 gentemque
456 2268 634 2333 Persarum.
687 2267 736 2332 Ite
773 2269 893 2332 alacres
930 2272 962 2332 et
998 2268 1131 2353 spiritus

122 2356 218 2440 pleni,
241 2360 285 2440 ut,
308 2378 404 2440 quam
420 2357 563 2442 gloriam
581 2356 747 2438 accepistis
771 2378 790 2419 a
811 2356 985 2421 maioribus
1004 2358 1131 2442 vestris,

122 2445 259 2529 posteris
281 2445 476 2530 relinquatis.
511 2444 551 2508 In
572 2444 692 2508 dextris
713 2444 828 2509 vestris
851 2445 917 2507 iam
939 2445 1130 2529 libertatem,
1170 2457 1174 2465 '

124 2555 230 2618 opem,
258 2555 347 2617 spem
373 2534 474 2598 futuri
499 2533 652 2617 temporis
675 2532 795 2617 geritis.
838 2531 963 2616 Effugit
984 2535 1130 2617 mortem,

124 2622 266 2704 quisquis
294 2621 534 2706 contempserit:
569 2621 809 2685 timidissimum
836 2641 992 2704 quemque
1020 2641 1129 2684 conse-

71 2728 103 2777 26
124 2709 239 2791 quitur.
283 2709 357 2792 Ipse
387 2731 455 2775 non
485 2709 590 2792 patrio
622 2730 710 2775 more
738 2709 855 2792 solum,
887 2708 943 2772 sed
970 2708 1067 2772 etiam
1092 2712 1131 2772 ut

123 2795 264 2877 conspici
289 2797 423 2880 possim,
454 2818 548 2860 curru
573 2796 673 2861 vehor
698 2817 756 2860 nec
777 2817 902 2879 recuso,
936 2795 1130 2880 quominus

123 2882 293 2946 imitemini
320 2905 384 2968 me,
416 2884 482 2948 sive
510 2883 709 2948 fortitudinis
736 2885 916 2968 exemplum
944 2884 1010 2948 sive
1038 2883 1129 2966 igna-

123 2970 192 3034 viae
215 2971 336 3036 fuerol'

432 3180 434 3184 .
541 3127 619 3196 cir.
641 3126 712 3193 XV.

89 3256 102 3303 1
209 3233 264 3296 Int
251 3233 344 3297 etrim
366 3233 559 3317 Alexander,
590 3235 628 3296 ut
653 3236 686 3296 et
708 3233 905 3297 demonstrat
891 3236 960 3297 tum
984 3255 1003 3297 a
1024 3235 1130 3295 trans-
1141 3232 1186 3297 56

122 3323 200 3408 fuga
220 3321 408 3386 insidiarum
430 3323 535 3386 locum
558 3321 739 3385 circumiret
761 3324 794 3384 et
815 3319 930 3404 Dareo,
953 3321 1008 3403 qui
1031 3341 1131 3384 comu

122 3412 285 3494 tuebatur,
314 3413 505 3492 occurreret,
534 3429 650 3493 agmen
676 3409 842 3492 obliquum
864 3407 1008 3480 incedere
1031 3407 1131 3473 iubet

88 3518 103 3568 2
122 3497 247 3563 Dareus
271 3520 396 3585 quoque
420 3459 530 3563 eodein
554 3518 647 3562 suum
670 3497 810 3561 obvertit
831 3495 931 3560 Besso
955 3494 1132 3579 admonito,
