<?xml version="1.0" encoding="UTF-8"?>
<!DOCTYPE html PUBLIC "-//W3C//DTD XHTML 1.0 Transitional//EN"
    "http://www.w3.org/TR/xhtml1/DTD/xhtml1-transitional.dtd">
<html xmlns="http://www.w3.org/1999/xhtml" xml:lang="en" lang="en">
 <head>
  <title>
</title>
<meta http-equiv="Content-Type" content="text/html;charset=utf-8" />
  <meta name='ocr-system' content='tesseract 3.04.00' />
  <meta name='ocr-capabilities' content='ocr_page ocr_carea ocr_par ocr_line ocrx_word'/>
</head>
<body>
  <div class='ocr_page' id='page_1' title='image "./historiarumalex01rufugoog_0030.png"; bbox 0 0 2444 3908; ppageno 0'>
   <div class='ocr_carea' id='block_1_1' title="bbox 473 138 1093 198">
    <p class='ocr_par' dir='ltr' id='par_1_1' title="bbox 473 138 1093 198">
     <span class='ocr_line' id='line_1_1' title="bbox 473 138 1093 198; baseline -0.008 0"><span class='ocrx_word' id='word_1_1' title='bbox 473 143 702 198; x_wconf 87' lang='lat' dir='ltr'><strong>SUMMARIUM.</strong></span> <span class='ocrx_word' id='word_1_2' title='bbox 1016 138 1093 193; x_wconf 87' lang='lat' dir='ltr'><strong>XXV</strong></span> 
     </span>
    </p>
   </div>
   <div class='ocr_carea' id='block_1_2' title="bbox 81 279 1091 494">
    <p class='ocr_par' dir='ltr' id='par_1_2' title="bbox 81 279 1091 494">
     <span class='ocr_line' id='line_1_2' title="bbox 81 279 1091 353; baseline -0.004 -15"><span class='ocrx_word' id='word_1_3' title='bbox 81 285 241 339; x_wconf 80' lang='lat' dir='ltr'><strong>contessum</strong></span> <span class='ocrx_word' id='word_1_4' title='bbox 253 283 414 339; x_wconf 83' lang='lat' dir='ltr'><strong>vulneribus</strong></span> <span class='ocrx_word' id='word_1_5' title='bbox 428 282 563 351; x_wconf 77' lang='lat' dir='ltr'><strong>relinquit</strong></span> <span class='ocrx_word' id='word_1_6' title='bbox 576 283 699 353; x_wconf 81' lang='lat' dir='ltr'><strong>fugaque</strong></span> <span class='ocrx_word' id='word_1_7' title='bbox 710 281 765 337; x_wconf 90' lang='lat' dir='ltr'><strong>sibi</strong></span> <span class='ocrx_word' id='word_1_8' title='bbox 775 279 909 338; x_wconf 91' lang='lat' dir='ltr'><strong>consulit.</strong></span> <span class='ocrx_word' id='word_1_9' title='bbox 937 280 1091 349; x_wconf 83' lang='lat' dir='ltr'><strong>Repertum</strong></span> 
     </span>
     <span class='ocr_line' id='line_1_3' title="bbox 81 349 1090 424; baseline -0.004 -17"><span class='ocrx_word' id='word_1_10' title='bbox 81 354 165 410; x_wconf 88' lang='lat' dir='ltr'><strong>Darei</strong></span> <span class='ocrx_word' id='word_1_11' title='bbox 182 371 281 424; x_wconf 88' lang='lat' dir='ltr'><strong>corpus</strong></span> <span class='ocrx_word' id='word_1_12' title='bbox 295 354 454 409; x_wconf 79' lang='lat' dir='ltr'>Alexander</span> <span class='ocrx_word' id='word_1_13' title='bbox 471 353 595 409; x_wconf 83' lang='lat' dir='ltr'>lacrimis</span> <span class='ocrx_word' id='word_1_14' title='bbox 610 353 789 423; x_wconf 76' lang='lat' dir='ltr'>prosequitur</span> <span class='ocrx_word' id='word_1_15' title='bbox 803 355 833 407; x_wconf 90' lang='lat' dir='ltr'><strong>et</strong></span> <span class='ocrx_word' id='word_1_16' title='bbox 853 351 890 407; x_wconf 90' lang='lat' dir='ltr'><strong>ad</strong></span> <span class='ocrx_word' id='word_1_17' title='bbox 905 349 1090 420; x_wconf 75' lang='lat' dir='ltr'><strong>Sisigambim</strong></span> 
     </span>
     <span class='ocr_line' id='line_1_4' title="bbox 81 425 390 494; baseline -0.006 -14"><span class='ocrx_word' id='word_1_18' title='bbox 81 425 274 494; x_wconf 87' lang='lat' dir='ltr'><strong>sepeliendum</strong></span> <span class='ocrx_word' id='word_1_19' title='bbox 292 425 390 479; x_wconf 91' lang='lat' dir='ltr'><strong>mittit.</strong></span> 
     </span>
    </p>
   </div>
   <div class='ocr_carea' id='block_1_3' title="bbox 492 590 687 649">
    <p class='ocr_par' dir='ltr' id='par_1_3' title="bbox 492 590 687 649">
     <span class='ocr_line' id='line_1_5' title="bbox 492 590 687 649; baseline 0.005 -1"><span class='ocrx_word' id='word_1_20' title='bbox 492 590 613 649; x_wconf 78' lang='lat' dir='ltr'><strong>LIBER</strong></span> <span class='ocrx_word' id='word_1_21' title='bbox 635 590 687 649; x_wconf 85' lang='lat' dir='ltr'><strong>VI.</strong></span> 
     </span>
    </p>
   </div>
   <div class='ocr_carea' id='block_1_4' title="bbox 81 703 1094 2582">
    <p class='ocr_par' dir='ltr' id='par_1_4' title="bbox 81 703 1094 2582">
     <span class='ocr_line' id='line_1_6' title="bbox 151 703 1089 772; baseline 0 -14"><span class='ocrx_word' id='word_1_22' title='bbox 151 705 173 760; x_wconf 89' lang='lat'><strong>1.</strong></span> <span class='ocrx_word' id='word_1_23' title='bbox 191 703 295 760; x_wconf 88' lang='lat' dir='ltr'><strong>Proelii</strong></span> <span class='ocrx_word' id='word_1_24' title='bbox 311 703 387 760; x_wconf 80' lang='lat' dir='ltr'><strong>inter</strong></span> <span class='ocrx_word' id='word_1_25' title='bbox 399 703 636 760; x_wconf 88' lang='lat' dir='ltr'><strong>Lacedaemonios</strong></span> <span class='ocrx_word' id='word_1_26' title='bbox 651 707 735 772; x_wconf 90' lang='lat' dir='ltr'><strong>atque</strong></span> <span class='ocrx_word' id='word_1_27' title='bbox 749 704 917 759; x_wconf 77' lang='lat' dir='ltr'><strong>Macedones</strong></span> <span class='ocrx_word' id='word_1_28' title='bbox 932 704 980 772; x_wconf 90' lang='lat' dir='ltr'><strong>(ad</strong></span> <span class='ocrx_word' id='word_1_29' title='bbox 993 704 1089 772; x_wconf 85' lang='lat' dir='ltr'><strong>Mega-</strong></span> 
     </span>
     <span class='ocr_line' id='line_1_7' title="bbox 81 774 1090 845; baseline -0.002 -16"><span class='ocrx_word' id='word_1_30' title='bbox 81 775 201 844; x_wconf 91' lang='lat' dir='ltr'><strong>lopoliu)</strong></span> <span class='ocrx_word' id='word_1_31' title='bbox 220 775 359 830; x_wconf 78' lang='lat' dir='ltr'><strong>commissi</strong></span> <span class='ocrx_word' id='word_1_32' title='bbox 380 775 540 845; x_wconf 77' lang='lat' dir='ltr'><strong>descriptio.</strong></span> <span class='ocrx_word' id='word_1_33' title='bbox 568 775 670 845; x_wconf 82' lang='lat' dir='ltr'><strong>Agidis</strong></span> <span class='ocrx_word' id='word_1_34' title='bbox 688 791 771 830; x_wconf 89' lang='lat' dir='ltr'><strong>mors.</strong></span> <span class='ocrx_word' id='word_1_35' title='bbox 799 774 856 828; x_wconf 88' lang='lat' dir='ltr'><strong>Pax</strong></span> <span class='ocrx_word' id='word_1_36' title='bbox 875 775 910 828; x_wconf 87' lang='lat' dir='ltr'><strong>ab</strong></span> <span class='ocrx_word' id='word_1_37' title='bbox 929 774 1090 828; x_wconf 88' lang='lat' dir='ltr'><strong>Alexandro</strong></span> 
     </span>
     <span class='ocr_line' id='line_1_8' title="bbox 82 843 1091 902; baseline -0.002 -3"><span class='ocrx_word' id='word_1_38' title='bbox 82 845 165 900; x_wconf 86' lang='lat' dir='ltr'><strong>victis</strong></span> <span class='ocrx_word' id='word_1_39' title='bbox 183 846 411 900; x_wconf 79' lang='lat' dir='ltr'><strong>Lacedaemoniis</strong></span> <span class='ocrx_word' id='word_1_40' title='bbox 434 845 605 902; x_wconf 68' lang='lat' dir='ltr'><strong>conceditur.</strong></span> <span class='ocrx_word' id='word_1_41' title='bbox 641 846 675 900; x_wconf 86' lang='grc' dir='ltr'><strong>ΙΙ.</strong></span> <span class='ocrx_word' id='word_1_42' title='bbox 693 845 852 899; x_wconf 78' lang='lat' dir='ltr'><strong>Alexander</strong></span> <span class='ocrx_word' id='word_1_43' title='bbox 873 844 950 898; x_wconf 92' lang='lat' dir='ltr'><strong>bello</strong></span> <span class='ocrx_word' id='word_1_44' title='bbox 968 843 1091 898; x_wconf 80' lang='lat' dir='ltr'><strong>invictus</strong></span> 
     </span>
     <span class='ocr_line' id='line_1_9' title="bbox 83 913 1093 985; baseline -0.002 -16"><span class='ocrx_word' id='word_1_45' title='bbox 83 915 142 970; x_wconf 91' lang='lat' dir='ltr'><strong>otio</strong></span> <span class='ocrx_word' id='word_1_46' title='bbox 161 917 190 970; x_wconf 88' lang='lat' dir='ltr'><strong>et</strong></span> <span class='ocrx_word' id='word_1_47' title='bbox 207 916 317 970; x_wconf 87' lang='lat' dir='ltr'><strong>deliciis</strong></span> <span class='ocrx_word' id='word_1_48' title='bbox 335 916 488 985; x_wconf 80' lang='lat' dir='ltr'><strong>frangitur:</strong></span> <span class='ocrx_word' id='word_1_49' title='bbox 511 916 587 972; x_wconf 89' lang='lat' dir='ltr'><strong>unde</strong></span> <span class='ocrx_word' id='word_1_50' title='bbox 603 932 698 970; x_wconf 90' lang='lat' dir='ltr'><strong>rumor</strong></span> <span class='ocrx_word' id='word_1_51' title='bbox 714 932 765 984; x_wconf 89' lang='lat' dir='ltr'><strong>per</strong></span> <span class='ocrx_word' id='word_1_52' title='bbox 783 917 888 982; x_wconf 85' lang='lat' dir='ltr'><strong>castra,</strong></span> <span class='ocrx_word' id='word_1_53' title='bbox 913 913 962 982; x_wconf 92' lang='lat' dir='ltr'><strong>qui</strong></span> <span class='ocrx_word' id='word_1_54' title='bbox 980 916 1093 982; x_wconf 90' lang='lat' dir='ltr'><strong>torpen-</strong></span> 
     </span>
     <span class='ocr_line' id='line_1_10' title="bbox 82 983 1093 1053; baseline -0.003 -13"><span class='ocrx_word' id='word_1_55' title='bbox 82 988 140 1040; x_wconf 92' lang='lat' dir='ltr'><strong>tem</strong></span> <span class='ocrx_word' id='word_1_56' title='bbox 162 986 275 1042; x_wconf 84' lang='lat' dir='ltr'><strong>excitat.</strong></span> <span class='ocrx_word' id='word_1_57' title='bbox 316 987 361 1041; x_wconf 93' lang='lat' dir='ltr'><strong>III.</strong></span> <span class='ocrx_word' id='word_1_58' title='bbox 386 985 538 1041; x_wconf 81' lang='lat' dir='ltr'><strong>Alexandri</strong></span> <span class='ocrx_word' id='word_1_59' title='bbox 561 986 597 1040; x_wconf 85' lang='lat' dir='ltr'><strong>ed</strong></span> <span class='ocrx_word' id='word_1_60' title='bbox 620 986 726 1040; x_wconf 85' lang='lat' dir='ltr'><strong>milites</strong></span> <span class='ocrx_word' id='word_1_61' title='bbox 749 985 852 1053; x_wconf 85' lang='lat' dir='ltr'><strong>oratio,</strong></span> <span class='ocrx_word' id='word_1_62' title='bbox 878 986 911 1038; x_wconf 90' lang='lat' dir='ltr'><strong>ut</strong></span> <span class='ocrx_word' id='word_1_63' title='bbox 932 983 1040 1038; x_wconf 90' lang='lat' dir='ltr'><strong>bellum</strong></span> <span class='ocrx_word' id='word_1_64' title='bbox 1062 984 1093 1037; x_wconf 93' lang='lat' dir='ltr'><strong>in</strong></span> 
     </span>
     <span class='ocr_line' id='line_1_11' title="bbox 82 1053 1092 1125; baseline -0.001 -17"><span class='ocrx_word' id='word_1_65' title='bbox 82 1055 151 1109; x_wconf 89' lang='lat' dir='ltr'><strong>Asia</strong></span> <span class='ocrx_word' id='word_1_66' title='bbox 168 1055 331 1111; x_wconf 90' lang='lat' dir='ltr'><strong>incohatum</strong></span> <span class='ocrx_word' id='word_1_67' title='bbox 348 1059 551 1125; x_wconf 88' lang='lat' dir='ltr'><strong>persequantur</strong></span> <span class='ocrx_word' id='word_1_68' title='bbox 570 1058 599 1111; x_wconf 90' lang='lat' dir='ltr'><strong>et</strong></span> <span class='ocrx_word' id='word_1_69' title='bbox 617 1056 772 1111; x_wconf 79' lang='lat' dir='ltr'><strong>absolvant.</strong></span> <span class='ocrx_word' id='word_1_70' title='bbox 804 1055 851 1110; x_wconf 93' lang='lat' dir='ltr'><strong>IV.</strong></span> <span class='ocrx_word' id='word_1_71' title='bbox 871 1053 1007 1122; x_wconf 81' lang='lat' dir='ltr'><strong>Ziobetis,</strong></span> <span class='ocrx_word' id='word_1_72' title='bbox 1027 1053 1092 1108; x_wconf 86' lang='lat' dir='ltr'><strong>miri</strong></span> 
     </span>
     <span class='ocr_line' id='line_1_12' title="bbox 83 1124 1093 1196; baseline 0.001 -18"><span class='ocrx_word' id='word_1_73' title='bbox 83 1125 216 1194; x_wconf 88' lang='lat' dir='ltr'><strong>fluminis,</strong></span> <span class='ocrx_word' id='word_1_74' title='bbox 241 1126 401 1196; x_wconf 88' lang='lat' dir='ltr'><strong>descriptio.</strong></span> <span class='ocrx_word' id='word_1_75' title='bbox 442 1126 601 1181; x_wconf 87' lang='lat' dir='ltr'><strong>Alexander</strong></span> <span class='ocrx_word' id='word_1_76' title='bbox 618 1125 779 1180; x_wconf 84' lang='lat' dir='ltr'><strong>Nabarzani</strong></span> <span class='ocrx_word' id='word_1_77' title='bbox 801 1142 852 1194; x_wconf 89' lang='lat' dir='ltr'><strong>per</strong></span> <span class='ocrx_word' id='word_1_78' title='bbox 873 1125 985 1179; x_wconf 87' lang='lat' dir='ltr'><strong>litteras</strong></span> <span class='ocrx_word' id='word_1_79' title='bbox 1008 1124 1093 1179; x_wconf 88' lang='lat' dir='ltr'><strong>fidem</strong></span> 
     </span>
     <span class='ocr_line' id='line_1_13' title="bbox 84 1193 1092 1266; baseline 0.001 -17"><span class='ocrx_word' id='word_1_80' title='bbox 84 1195 143 1250; x_wconf 91' lang='lat' dir='ltr'><strong>eius</strong></span> <span class='ocrx_word' id='word_1_81' title='bbox 160 1196 315 1266; x_wconf 87' lang='lat' dir='ltr'><strong>inploranti</strong></span> <span class='ocrx_word' id='word_1_82' title='bbox 327 1197 441 1252; x_wconf 85' lang='lat' dir='ltr'><strong>reniam</strong></span> <span class='ocrx_word' id='word_1_83' title='bbox 453 1197 611 1265; x_wconf 88' lang='lat' dir='ltr'><strong>pollicetur.</strong></span> <span class='ocrx_word' id='word_1_84' title='bbox 639 1196 746 1250; x_wconf 88' lang='lat' dir='ltr'><strong>Deinde</strong></span> <span class='ocrx_word' id='word_1_85' title='bbox 761 1196 898 1264; x_wconf 90' lang='lat' dir='ltr'><strong>quosdam</strong></span> <span class='ocrx_word' id='word_1_86' title='bbox 911 1193 997 1250; x_wconf 88' lang='lat' dir='ltr'><strong>Darei</strong></span> <span class='ocrx_word' id='word_1_87' title='bbox 1011 1211 1092 1263; x_wconf 88' lang='lat' dir='ltr'><strong>prae·</strong></span> 
     </span>
     <span class='ocr_line' id='line_1_14' title="bbox 84 1265 1090 1337; baseline 0 -17"><span class='ocrx_word' id='word_1_88' title='bbox 84 1266 172 1320; x_wconf 83' lang='lat' dir='ltr'><strong>sectos</strong></span> <span class='ocrx_word' id='word_1_89' title='bbox 195 1267 298 1335; x_wconf 87' lang='lat' dir='ltr'><strong>recipit</strong></span> <span class='ocrx_word' id='word_1_90' title='bbox 318 1267 350 1321; x_wconf 91' lang='lat' dir='ltr'><strong>in</strong></span> <span class='ocrx_word' id='word_1_91' title='bbox 372 1266 502 1337; x_wconf 87' lang='lat' dir='ltr'><strong>gratiam.</strong></span> <span class='ocrx_word' id='word_1_92' title='bbox 538 1268 572 1322; x_wconf 88' lang='lat' dir='ltr'><strong>V.</strong></span> <span class='ocrx_word' id='word_1_93' title='bbox 596 1265 734 1321; x_wconf 84' lang='lat' dir='ltr'><strong>Artabazo</strong></span> <span class='ocrx_word' id='word_1_94' title='bbox 758 1283 867 1320; x_wconf 87' lang='lat' dir='ltr'><strong>summa</strong></span> <span class='ocrx_word' id='word_1_95' title='bbox 891 1283 955 1320; x_wconf 91' lang='lat' dir='ltr'><strong>oum</strong></span> <span class='ocrx_word' id='word_1_96' title='bbox 976 1265 1090 1320; x_wconf 82' lang='lat' dir='ltr'><strong>benivo-</strong></span> 
     </span>
     <span class='ocr_line' id='line_1_15' title="bbox 83 1335 1092 1407; baseline 0.001 -18"><span class='ocrx_word' id='word_1_97' title='bbox 83 1335 172 1391; x_wconf 88' lang='lat' dir='ltr'><strong>lentia</strong></span> <span class='ocrx_word' id='word_1_98' title='bbox 181 1340 296 1407; x_wconf 90' lang='lat' dir='ltr'><strong>excepto</strong></span> <span class='ocrx_word' id='word_1_99' title='bbox 306 1337 427 1404; x_wconf 83' lang='lat' dir='ltr'><strong>Graecis,</strong></span> <span class='ocrx_word' id='word_1_100' title='bbox 442 1337 492 1405; x_wconf 91' lang='lat' dir='ltr'><strong>qui</strong></span> <span class='ocrx_word' id='word_1_101' title='bbox 500 1337 621 1391; x_wconf 88' lang='lat' dir='ltr'><strong>Dareum</strong></span> <span class='ocrx_word' id='word_1_102' title='bbox 630 1335 804 1404; x_wconf 82' lang='lat' dir='ltr'><strong>adiuverant,</strong></span> <span class='ocrx_word' id='word_1_103' title='bbox 818 1335 910 1406; x_wconf 66' lang='lat' dir='ltr'><strong>parcit</strong></span> <span class='ocrx_word' id='word_1_104' title='bbox 918 1335 1092 1390; x_wconf 88' lang='lat' dir='ltr'><strong>Alexander:</strong></span> 
     </span>
     <span class='ocr_line' id='line_1_16' title="bbox 83 1406 1089 1477; baseline 0.001 -18"><span class='ocrx_word' id='word_1_105' title='bbox 83 1406 243 1461; x_wconf 90' lang='lat' dir='ltr'><strong>Mardorum</strong></span> <span class='ocrx_word' id='word_1_106' title='bbox 265 1411 349 1477; x_wconf 90' lang='lat' dir='ltr'><strong>gente</strong></span> <span class='ocrx_word' id='word_1_107' title='bbox 372 1408 515 1462; x_wconf 88' lang='lat' dir='ltr'><strong>debellata</strong></span> <span class='ocrx_word' id='word_1_108' title='bbox 532 1407 704 1461; x_wconf 83' lang='lat' dir='ltr'><strong>Amazonum</strong></span> <span class='ocrx_word' id='word_1_109' title='bbox 725 1407 840 1476; x_wconf 85' lang='lat' dir='ltr'><strong>reginae</strong></span> <span class='ocrx_word' id='word_1_110' title='bbox 864 1406 991 1476; x_wconf 89' lang='lat' dir='ltr'><strong>cupidini</strong></span> <span class='ocrx_word' id='word_1_111' title='bbox 1010 1406 1089 1461; x_wconf 90' lang='lat' dir='ltr'><strong>satis·</strong></span> 
     </span>
     <span class='ocr_line' id='line_1_17' title="bbox 83 1476 1087 1545; baseline 0 -14"><span class='ocrx_word' id='word_1_112' title='bbox 83 1476 160 1532; x_wconf 84' lang='lat' dir='ltr'><strong>facit.</strong></span> <span class='ocrx_word' id='word_1_113' title='bbox 196 1479 243 1533; x_wconf 89' lang='lat' dir='ltr'><strong>VI.</strong></span> <span class='ocrx_word' id='word_1_114' title='bbox 260 1478 428 1533; x_wconf 83' lang='lat' dir='ltr'><strong>Macedones</strong></span> <span class='ocrx_word' id='word_1_115' title='bbox 445 1477 599 1532; x_wconf 89' lang='lat' dir='ltr'><strong>Alexandri</strong></span> <span class='ocrx_word' id='word_1_116' title='bbox 617 1476 794 1531; x_wconf 85' lang='lat' dir='ltr'><strong>offenduntur</strong></span> <span class='ocrx_word' id='word_1_117' title='bbox 811 1477 948 1532; x_wconf 89' lang='lat' dir='ltr'><strong>moribus:</strong></span> <span class='ocrx_word' id='word_1_118' title='bbox 973 1492 1087 1545; x_wconf 88' lang='lat' dir='ltr'><strong>quorun</strong></span> 
     </span>
     <span class='ocr_line' id='line_1_18' title="bbox 83 1547 1090 1616; baseline -0.001 -15"><span class='ocrx_word' id='word_1_119' title='bbox 83 1550 116 1601; x_wconf 92' lang='lat' dir='ltr'><strong>ut</strong></span> <span class='ocrx_word' id='word_1_120' title='bbox 133 1547 300 1603; x_wconf 89' lang='lat' dir='ltr'><strong>seditionem</strong></span> <span class='ocrx_word' id='word_1_121' title='bbox 319 1550 469 1616; x_wconf 88' lang='lat' dir='ltr'><strong>averteret,</strong></span> <span class='ocrx_word' id='word_1_122' title='bbox 489 1548 526 1602; x_wconf 90' lang='lat' dir='ltr'><strong>ad</strong></span> <span class='ocrx_word' id='word_1_123' title='bbox 543 1548 649 1602; x_wconf 91' lang='lat' dir='ltr'><strong>bellum</strong></span> <span class='ocrx_word' id='word_1_124' title='bbox 667 1548 753 1602; x_wconf 89' lang='lat' dir='ltr'><strong>Besso</strong></span> <span class='ocrx_word' id='word_1_125' title='bbox 771 1547 949 1603; x_wconf 83' lang='lat' dir='ltr'><strong>inferendum</strong></span> <span class='ocrx_word' id='word_1_126' title='bbox 966 1549 1090 1601; x_wconf 89' lang='lat' dir='ltr'><strong>mentem</strong></span> 
     </span>
     <span class='ocr_line' id='line_1_19' title="bbox 83 1616 1089 1688; baseline -0.001 -17"><span class='ocrx_word' id='word_1_127' title='bbox 83 1619 234 1673; x_wconf 87' lang='lat' dir='ltr'><strong>convertit:</strong></span> <span class='ocrx_word' id='word_1_128' title='bbox 254 1619 476 1686; x_wconf 84' lang='lat' dir='ltr'><strong>Satibarzanem,</strong></span> <span class='ocrx_word' id='word_1_129' title='bbox 496 1619 571 1686; x_wconf 91' lang='lat' dir='ltr'><strong>quod</strong></span> <span class='ocrx_word' id='word_1_130' title='bbox 590 1617 750 1685; x_wconf 87' lang='lat' dir='ltr'><strong>defecisset,</strong></span> <span class='ocrx_word' id='word_1_131' title='bbox 769 1617 890 1688; x_wconf 91' lang='lat' dir='ltr'><strong>primum</strong></span> <span class='ocrx_word' id='word_1_132' title='bbox 904 1616 1089 1687; x_wconf 79' lang='lat' dir='ltr'><strong>persequitur,</strong></span> 
     </span>
     <span class='ocr_line' id='line_1_20' title="bbox 81 1688 1089 1758; baseline -0.001 -17"><span class='ocrx_word' id='word_1_133' title='bbox 81 1688 219 1743; x_wconf 88' lang='lat' dir='ltr'><strong>barbaros</strong></span> <span class='ocrx_word' id='word_1_134' title='bbox 247 1706 264 1742; x_wconf 89' lang='lat' dir='ltr'><strong>a</strong></span> <span class='ocrx_word' id='word_1_135' title='bbox 290 1689 432 1743; x_wconf 85' lang='lat' dir='ltr'><strong>montibus</strong></span> <span class='ocrx_word' id='word_1_136' title='bbox 455 1689 566 1743; x_wconf 85' lang='lat' dir='ltr'><strong>fortiter</strong></span> <span class='ocrx_word' id='word_1_137' title='bbox 589 1688 728 1758; x_wconf 88' lang='lat' dir='ltr'><strong>dispellit,</strong></span> <span class='ocrx_word' id='word_1_138' title='bbox 756 1689 916 1743; x_wconf 82' lang='lat' dir='ltr'><strong>Artacoana</strong></span> <span class='ocrx_word' id='word_1_139' title='bbox 939 1689 1089 1756; x_wconf 83' lang='lat' dir='ltr'><strong>expugnat.</strong></span> 
     </span>
     <span class='ocr_line' id='line_1_21' title="bbox 82 1757 1089 1828; baseline 0 -17"><span class='ocrx_word' id='word_1_140' title='bbox 82 1757 142 1810; x_wconf 85' lang='lat' dir='ltr'><strong>VII.</strong></span> <span class='ocrx_word' id='word_1_141' title='bbox 157 1758 385 1812; x_wconf 72' lang='lat' dir='ltr'><strong>coniurationem</strong></span> <span class='ocrx_word' id='word_1_142' title='bbox 402 1758 433 1811; x_wconf 92' lang='lat' dir='ltr'><strong>in</strong></span> <span class='ocrx_word' id='word_1_143' title='bbox 445 1758 634 1813; x_wconf 89' lang='lat' dir='ltr'><strong>Alexandrum</strong></span> <span class='ocrx_word' id='word_1_144' title='bbox 652 1758 757 1813; x_wconf 85' lang='lat' dir='ltr'><strong>factam</strong></span> <span class='ocrx_word' id='word_1_145' title='bbox 770 1759 895 1828; x_wconf 83' lang='lat' dir='ltr'><strong>Dymnus</strong></span> <span class='ocrx_word' id='word_1_146' title='bbox 909 1757 1089 1823; x_wconf 86' lang='lat' dir='ltr'><strong>Nicomacho,</strong></span> 
     </span>
     <span class='ocr_line' id='line_1_22' title="bbox 83 1825 1092 1898; baseline 0.002 -20"><span class='ocrx_word' id='word_1_147' title='bbox 83 1825 131 1879; x_wconf 93' lang='lat' dir='ltr'><strong>hic</strong></span> <span class='ocrx_word' id='word_1_148' title='bbox 157 1843 208 1894; x_wconf 93' lang='lat' dir='ltr'><strong>per</strong></span> <span class='ocrx_word' id='word_1_149' title='bbox 236 1826 400 1882; x_wconf 79' lang='lat' dir='ltr'><strong>Cebalinum</strong></span> <span class='ocrx_word' id='word_1_150' title='bbox 426 1827 541 1881; x_wconf 82' lang='lat' dir='ltr'><strong>fratrem</strong></span> <span class='ocrx_word' id='word_1_151' title='bbox 566 1827 726 1882; x_wconf 86' lang='lat' dir='ltr'><strong>Alexandro</strong></span> <span class='ocrx_word' id='word_1_152' title='bbox 754 1829 871 1898; x_wconf 88' lang='lat' dir='ltr'><strong>detegit.</strong></span> <span class='ocrx_word' id='word_1_153' title='bbox 916 1828 989 1881; x_wconf 92' lang='lat' dir='ltr'><strong>Hinc</strong></span> <span class='ocrx_word' id='word_1_154' title='bbox 1016 1844 1092 1881; x_wconf 87' lang='lat' dir='ltr'><strong>mors</strong></span> 
     </span>
     <span class='ocr_line' id='line_1_23' title="bbox 83 1895 1092 1964; baseline 0.001 -15"><span class='ocrx_word' id='word_1_155' title='bbox 83 1895 200 1964; x_wconf 82' lang='lat' dir='ltr'><strong>Dymni,</strong></span> <span class='ocrx_word' id='word_1_156' title='bbox 230 1895 279 1963; x_wconf 90' lang='lat' dir='ltr'><strong>qui</strong></span> <span class='ocrx_word' id='word_1_157' title='bbox 301 1895 361 1964; x_wconf 89' lang='lat' dir='ltr'><strong>ipse</strong></span> <span class='ocrx_word' id='word_1_158' title='bbox 389 1895 445 1949; x_wconf 89' lang='lat' dir='ltr'><strong>sibi</strong></span> <span class='ocrx_word' id='word_1_159' title='bbox 470 1913 570 1949; x_wconf 86' lang='lat' dir='ltr'><strong>manus</strong></span> <span class='ocrx_word' id='word_1_160' title='bbox 596 1897 690 1952; x_wconf 84' lang='lat' dir='ltr'><strong>infert.</strong></span> <span class='ocrx_word' id='word_1_161' title='bbox 735 1899 807 1954; x_wconf 88' lang='lat' dir='ltr'><strong>VIII.</strong></span> <span class='ocrx_word' id='word_1_162' title='bbox 840 1898 998 1954; x_wconf 71' lang='lat' dir='ltr'><strong>convocato</strong></span> <span class='ocrx_word' id='word_1_163' title='bbox 1023 1897 1092 1951; x_wconf 89' lang='lat' dir='ltr'><strong>ami·</strong></span> 
     </span>
     <span class='ocr_line' id='line_1_24' title="bbox 84 1964 1092 2036; baseline 0 -15"><span class='ocrx_word' id='word_1_164' title='bbox 84 1983 180 2021; x_wconf 90' lang='lat' dir='ltr'><strong>corum</strong></span> <span class='ocrx_word' id='word_1_165' title='bbox 199 1965 317 2021; x_wconf 92' lang='lat' dir='ltr'><strong>consilio</strong></span> <span class='ocrx_word' id='word_1_166' title='bbox 335 1964 476 2033; x_wconf 87' lang='lat' dir='ltr'><strong>Philotas,</strong></span> <span class='ocrx_word' id='word_1_167' title='bbox 495 1965 687 2021; x_wconf 87' lang='lat' dir='ltr'><strong>Parmenionis</strong></span> <span class='ocrx_word' id='word_1_168' title='bbox 705 1968 792 2036; x_wconf 87' lang='lat' dir='ltr'><strong>filius,</strong></span> <span class='ocrx_word' id='word_1_169' title='bbox 812 1967 1013 2023; x_wconf 89' lang='lat' dir='ltr'><strong>coniurationis</strong></span> <span class='ocrx_word' id='word_1_170' title='bbox 1029 1983 1092 2021; x_wconf 87' lang='lat' dir='ltr'><strong>auc·</strong></span> 
     </span>
     <span class='ocr_line' id='line_1_25' title="bbox 83 2035 1093 2106; baseline 0 -15"><span class='ocrx_word' id='word_1_171' title='bbox 83 2040 130 2091; x_wconf 90' lang='lat' dir='ltr'><strong>tor</strong></span> <span class='ocrx_word' id='word_1_172' title='bbox 148 2039 177 2092; x_wconf 92' lang='lat' dir='ltr'><strong>et</strong></span> <span class='ocrx_word' id='word_1_173' title='bbox 194 2035 335 2106; x_wconf 88' lang='lat' dir='ltr'><strong>particeps</strong></span> <span class='ocrx_word' id='word_1_174' title='bbox 349 2035 436 2090; x_wconf 85' lang='lat' dir='ltr'><strong>fuisse</strong></span> <span class='ocrx_word' id='word_1_175' title='bbox 455 2036 577 2090; x_wconf 90' lang='lat' dir='ltr'><strong>creditus</strong></span> <span class='ocrx_word' id='word_1_176' title='bbox 591 2038 826 2106; x_wconf 90' lang='lat' dir='ltr'><strong>conprehenditur</strong></span> <span class='ocrx_word' id='word_1_177' title='bbox 840 2056 873 2093; x_wconf 92' lang='lat' dir='ltr'><strong>ac</strong></span> <span class='ocrx_word' id='word_1_178' title='bbox 890 2037 983 2092; x_wconf 84' lang='lat' dir='ltr'><strong>velato</strong></span> <span class='ocrx_word' id='word_1_179' title='bbox 999 2037 1093 2106; x_wconf 80' lang='lat' dir='ltr'><strong>capIte</strong></span> 
     </span>
     <span class='ocr_line' id='line_1_26' title="bbox 83 2105 1094 2177; baseline -0.001 -15"><span class='ocrx_word' id='word_1_180' title='bbox 83 2107 115 2161; x_wconf 90' lang='lat' dir='ltr'><strong>in</strong></span> <span class='ocrx_word' id='word_1_181' title='bbox 131 2107 240 2177; x_wconf 85' lang='lat' dir='ltr'><strong>regiam</strong></span> <span class='ocrx_word' id='word_1_182' title='bbox 258 2105 415 2161; x_wconf 89' lang='lat' dir='ltr'><strong>abducitur.</strong></span> <span class='ocrx_word' id='word_1_183' title='bbox 447 2106 493 2160; x_wconf 88' lang='lat' dir='ltr'><strong>IX.</strong></span> <span class='ocrx_word' id='word_1_184' title='bbox 507 2106 549 2161; x_wconf 89' lang='lat' dir='ltr'><strong>De</strong></span> <span class='ocrx_word' id='word_1_185' title='bbox 563 2107 756 2163; x_wconf 89' lang='lat' dir='ltr'><strong>coniuratione</strong></span> <span class='ocrx_word' id='word_1_186' title='bbox 769 2107 922 2164; x_wconf 85' lang='lat' dir='ltr'><strong>Alexandri</strong></span> <span class='ocrx_word' id='word_1_187' title='bbox 935 2108 972 2162; x_wconf 91' lang='lat' dir='ltr'><strong>ad</strong></span> <span class='ocrx_word' id='word_1_188' title='bbox 985 2107 1094 2162; x_wconf 89' lang='lat' dir='ltr'><strong>milites</strong></span> 
     </span>
     <span class='ocr_line' id='line_1_27' title="bbox 84 2176 1091 2248; baseline -0.001 -16"><span class='ocrx_word' id='word_1_189' title='bbox 84 2177 187 2245; x_wconf 91' lang='lat' dir='ltr'><strong>oratio,</strong></span> <span class='ocrx_word' id='word_1_190' title='bbox 205 2177 236 2231; x_wconf 94' lang='lat' dir='ltr'><strong>in</strong></span> <span class='ocrx_word' id='word_1_191' title='bbox 254 2193 372 2245; x_wconf 90' lang='lat' dir='ltr'><strong>quorum</strong></span> <span class='ocrx_word' id='word_1_192' title='bbox 390 2176 549 2232; x_wconf 91' lang='lat' dir='ltr'><strong>contionem</strong></span> <span class='ocrx_word' id='word_1_193' title='bbox 565 2178 730 2248; x_wconf 89' lang='lat' dir='ltr'><strong>producitur</strong></span> <span class='ocrx_word' id='word_1_194' title='bbox 742 2179 877 2235; x_wconf 88' lang='lat' dir='ltr'><strong>Philotas.</strong></span> <span class='ocrx_word' id='word_1_195' title='bbox 908 2178 942 2232; x_wconf 85' lang='lat' dir='ltr'><strong>X.</strong></span> <span class='ocrx_word' id='word_1_196' title='bbox 962 2178 1091 2232; x_wconf 88' lang='lat' dir='ltr'><strong>Philotae</strong></span> 
     </span>
     <span class='ocr_line' id='line_1_28' title="bbox 85 2246 1092 2315; baseline 0.001 -13"><span class='ocrx_word' id='word_1_197' title='bbox 85 2247 187 2315; x_wconf 89' lang='lat' dir='ltr'><strong>oratio,</strong></span> <span class='ocrx_word' id='word_1_198' title='bbox 215 2264 271 2315; x_wconf 89' lang='lat' dir='ltr'><strong>qua</strong></span> <span class='ocrx_word' id='word_1_199' title='bbox 297 2246 497 2301; x_wconf 89' lang='lat' dir='ltr'><strong>coniurationis</strong></span> <span class='ocrx_word' id='word_1_200' title='bbox 525 2249 733 2303; x_wconf 87' lang='lat' dir='ltr'><strong>accusationem</strong></span> <span class='ocrx_word' id='word_1_201' title='bbox 758 2249 871 2304; x_wconf 88' lang='lat' dir='ltr'><strong>refellit.</strong></span> <span class='ocrx_word' id='word_1_202' title='bbox 914 2248 961 2303; x_wconf 88' lang='lat' dir='ltr'><strong>XI.</strong></span> <span class='ocrx_word' id='word_1_203' title='bbox 992 2249 1092 2303; x_wconf 84' lang='lat' dir='ltr'><strong>Contio</strong></span> 
     </span>
     <span class='ocr_line' id='line_1_29' title="bbox 86 2316 1090 2388; baseline 0.001 -17"><span class='ocrx_word' id='word_1_204' title='bbox 86 2333 104 2371; x_wconf 90' lang='lat' dir='ltr'><strong>a</strong></span> <span class='ocrx_word' id='word_1_205' title='bbox 124 2316 230 2371; x_wconf 89' lang='lat' dir='ltr'><strong>Bolone</strong></span> <span class='ocrx_word' id='word_1_206' title='bbox 253 2317 375 2385; x_wconf 91' lang='lat' dir='ltr'><strong>quodam</strong></span> <span class='ocrx_word' id='word_1_207' title='bbox 399 2334 518 2371; x_wconf 85' lang='lat' dir='ltr'><strong>accensa</strong></span> <span class='ocrx_word' id='word_1_208' title='bbox 541 2319 683 2373; x_wconf 87' lang='lat' dir='ltr'><strong>Philotam</strong></span> <span class='ocrx_word' id='word_1_209' title='bbox 706 2319 829 2374; x_wconf 88' lang='lat' dir='ltr'><strong>damnat.</strong></span> <span class='ocrx_word' id='word_1_210' title='bbox 869 2319 896 2372; x_wconf 85' lang='lat' dir='ltr'><strong>Is</strong></span> <span class='ocrx_word' id='word_1_211' title='bbox 915 2318 1090 2388; x_wconf 88' lang='lat' dir='ltr'><strong>paulopost,</strong></span> 
     </span>
     <span class='ocr_line' id='line_1_30' title="bbox 85 2387 1092 2455; baseline 0.003 -15"><span class='ocrx_word' id='word_1_212' title='bbox 85 2388 118 2441; x_wconf 93' lang='lat' dir='ltr'><strong>ut</strong></span> <span class='ocrx_word' id='word_1_213' title='bbox 144 2403 173 2442; x_wconf 86' lang='lat' dir='ltr'><strong>se</strong></span> <span class='ocrx_word' id='word_1_214' title='bbox 200 2387 370 2441; x_wconf 87' lang='lat' dir='ltr'><strong>cruciatibus</strong></span> <span class='ocrx_word' id='word_1_215' title='bbox 396 2387 543 2455; x_wconf 87' lang='lat' dir='ltr'><strong>liberaret,</strong></span> <span class='ocrx_word' id='word_1_216' title='bbox 575 2388 798 2443; x_wconf 88' lang='lat' dir='ltr'><strong>coniurationem</strong></span> <span class='ocrx_word' id='word_1_217' title='bbox 824 2388 884 2443; x_wconf 83' lang='lat' dir='ltr'><strong>sire</strong></span> <span class='ocrx_word' id='word_1_218' title='bbox 911 2389 1007 2441; x_wconf 90' lang='lat' dir='ltr'><strong>fictam</strong></span> <span class='ocrx_word' id='word_1_219' title='bbox 1033 2389 1092 2443; x_wconf 84' lang='lat' dir='ltr'><strong>sive</strong></span> 
     </span>
     <span class='ocr_line' id='line_1_31' title="bbox 85 2457 1092 2582; baseline 0.002 -71"><span class='ocrx_word' id='word_1_220' title='bbox 85 2473 180 2538; x_wconf 77' lang='lat' dir='ltr'><strong>reram</strong></span> <span class='ocrx_word' id='word_1_221' title='bbox 197 2458 355 2582; x_wconf 53' lang='lat' dir='ltr'><strong>bconiitltlptur</strong></span> <span class='ocrx_word' id='word_1_222' title='bbox 381 2458 411 2511; x_wconf 91' lang='lat' dir='ltr'><strong>et</strong></span> <span class='ocrx_word' id='word_1_223' title='bbox 438 2474 455 2511; x_wconf 90' lang='lat' dir='ltr'><strong>a</strong></span> <span class='ocrx_word' id='word_1_224' title='bbox 480 2457 681 2512; x_wconf 90' lang='lat' dir='ltr'><strong>Macedonibus</strong></span> <span class='ocrx_word' id='word_1_225' title='bbox 709 2474 772 2511; x_wconf 90' lang='lat' dir='ltr'><strong>cum</strong></span> <span class='ocrx_word' id='word_1_226' title='bbox 799 2457 863 2510; x_wconf 87' lang='lat' dir='ltr'><strong>aliis</strong></span> <span class='ocrx_word' id='word_1_227' title='bbox 890 2473 967 2510; x_wconf 90' lang='lat' dir='ltr'><strong>more</strong></span> <span class='ocrx_word' id='word_1_228' title='bbox 999 2459 1092 2526; x_wconf 87' lang='lat' dir='ltr'><strong>patrio</strong></span> 
     </span>
     <span class='ocr_line' id='line_1_32' title="bbox 86 2544 316 2581; baseline 0 0"><span class='ocrx_word' id='word_1_229' title='bbox 86 2544 160 2581; x_wconf 85' lang='lat' dir='ltr'><strong>saxis</strong></span> <span class='ocrx_word' id='word_1_230' title='bbox 180 2544 196 2581; x_wconf 97' lang='lat' dir='ltr'><strong>o</strong></span> <span class='ocrx_word' id='word_1_231' title='bbox 217 2545 262 2581; x_wconf 85' lang='lat' dir='ltr'><strong>rui</strong></span> <span class='ocrx_word' id='word_1_232' title='bbox 310 2570 316 2581; x_wconf 87' lang='lat'><strong>.</strong></span> 
     </span>
    </p>
   </div>
   <div class='ocr_carea' id='block_1_5' title="bbox 486 2688 698 2752">
    <p class='ocr_par' dir='ltr' id='par_1_5' title="bbox 486 2688 698 2752">
     <span class='ocr_line' id='line_1_33' title="bbox 486 2688 698 2752; baseline 0.019 -4"><span class='ocrx_word' id='word_1_233' title='bbox 486 2689 607 2748; x_wconf 75' lang='lat' dir='ltr'><strong>LIBER</strong></span> <span class='ocrx_word' id='word_1_234' title='bbox 629 2688 698 2752; x_wconf 84' lang='lat' dir='ltr'><strong>VII.</strong></span> 
     </span>
    </p>
   </div>
   <div class='ocr_carea' id='block_1_6' title="bbox 82 2801 1185 3576">
    <p class='ocr_par' dir='ltr' id='par_1_6' title="bbox 82 2801 1185 3576">
     <span class='ocr_line' id='line_1_34' title="bbox 155 2801 1093 2874; baseline 0.002 -15"><span class='ocrx_word' id='word_1_235' title='bbox 155 2807 175 2862; x_wconf 93' lang='lat' dir='ltr'><strong>I.</strong></span> <span class='ocrx_word' id='word_1_236' title='bbox 199 2807 260 2860; x_wconf 83' lang='lat' dir='ltr'><strong>Rex</strong></span> <span class='ocrx_word' id='word_1_237' title='bbox 276 2804 465 2858; x_wconf 86' lang='lat' dir='ltr'><strong>Alexandrum</strong></span> <span class='ocrx_word' id='word_1_238' title='bbox 481 2805 658 2874; x_wconf 83' lang='lat' dir='ltr'><strong>Lyncestem,</strong></span> <span class='ocrx_word' id='word_1_239' title='bbox 680 2801 838 2857; x_wconf 86' lang='lat' dir='ltr'><strong>maiestatis</strong></span> <span class='ocrx_word' id='word_1_240' title='bbox 856 2819 947 2872; x_wconf 90' lang='lat' dir='ltr'><strong>reum,</strong></span> <span class='ocrx_word' id='word_1_241' title='bbox 971 2803 1093 2862; x_wconf 90' lang='lat' dir='ltr'><strong>interfici</strong></span> 
     </span>
     <span class='ocr_line' id='line_1_35' title="bbox 85 2872 1178 2957; baseline 0.001 -27"><span class='ocrx_word' id='word_1_242' title='bbox 85 2876 177 2957; x_wconf 79' lang='lat' dir='ltr'><strong>iubet:</strong></span> <span class='ocrx_word' id='word_1_243' title='bbox 201 2875 303 2956; x_wconf 78' lang='lat' dir='ltr'><strong>deinde</strong></span> <span class='ocrx_word' id='word_1_244' title='bbox 321 2874 352 2929; x_wconf 93' lang='lat' dir='ltr'><strong>in</strong></span> <span class='ocrx_word' id='word_1_245' title='bbox 369 2873 519 2956; x_wconf 82' lang='lat' dir='ltr'><strong>Amyntam</strong></span> <span class='ocrx_word' id='word_1_246' title='bbox 537 2877 566 2930; x_wconf 90' lang='lat' dir='ltr'><strong>et</strong></span> <span class='ocrx_word' id='word_1_247' title='bbox 583 2872 740 2956; x_wconf 77' lang='lat' dir='ltr'><strong>Simmiam,</strong></span> <span class='ocrx_word' id='word_1_248' title='bbox 765 2873 894 2928; x_wconf 88' lang='lat' dir='ltr'><strong>Philotae</strong></span> <span class='ocrx_word' id='word_1_249' title='bbox 913 2873 1031 2944; x_wconf 88' lang='lat' dir='ltr'><strong>amicos,</strong></span> <span class='ocrx_word' id='word_1_250' title='bbox 1051 2876 1093 2931; x_wconf 92' lang='lat' dir='ltr'><strong>in·</strong></span> <span class='ocrx_word' id='word_1_251' title='bbox 1172 2930 1178 2947; x_wconf 66' lang='lat'><strong>,</strong></span> 
     </span>
     <span class='ocr_line' id='line_1_36' title="bbox 85 2943 1185 3096; baseline -0.009 -25"><span class='ocrx_word' id='word_1_252' title='bbox 85 2943 1095 3096; x_wconf 50' lang='lat' dir='ltr'><strong>irritatucireceastria}{litaretur</strong></span> <span class='ocrx_word' id='word_1_253' title='bbox 1181 3052 1185 3061; x_wconf 83' lang='lat'><strong>.</strong></span> 
     </span>
     <span class='ocr_line' id='line_1_37' title="bbox 83 3085 1092 3158; baseline 0.002 -17"><span class='ocrx_word' id='word_1_254' title='bbox 83 3087 114 3141; x_wconf 93' lang='lat' dir='ltr'><strong>in</strong></span> <span class='ocrx_word' id='word_1_255' title='bbox 132 3085 258 3140; x_wconf 89' lang='lat' dir='ltr'><strong>Mediam</strong></span> <span class='ocrx_word' id='word_1_256' title='bbox 279 3100 330 3153; x_wconf 91' lang='lat' dir='ltr'><strong>pro</strong></span> <span class='ocrx_word' id='word_1_257' title='bbox 343 3086 420 3139; x_wconf 89' lang='lat' dir='ltr'><strong>ectus</strong></span> <span class='ocrx_word' id='word_1_258' title='bbox 438 3085 649 3140; x_wconf 86' lang='lat' dir='ltr'><strong>Parmenionem</strong></span> <span class='ocrx_word' id='word_1_259' title='bbox 671 3085 815 3139; x_wconf 86' lang='lat' dir='ltr'><strong>interficit:</strong></span> <span class='ocrx_word' id='word_1_260' title='bbox 838 3087 913 3141; x_wconf 90' lang='lat' dir='ltr'><strong>unde</strong></span> <span class='ocrx_word' id='word_1_261' title='bbox 930 3086 1092 3158; x_wconf 81' lang='lat' dir='ltr'><strong>indignatio</strong></span> 
     </span>
     <span class='ocr_line' id='line_1_38' title="bbox 83 3154 1092 3224; baseline 0.001 -11"><span class='ocrx_word' id='word_1_262' title='bbox 83 3161 113 3213; x_wconf 90' lang='lat' dir='ltr'><strong>et</strong></span> <span class='ocrx_word' id='word_1_263' title='bbox 136 3155 239 3212; x_wconf 90' lang='lat' dir='ltr'><strong>seditio</strong></span> <span class='ocrx_word' id='word_1_264' title='bbox 261 3154 384 3208; x_wconf 90' lang='lat' dir='ltr'><strong>militum</strong></span> <span class='ocrx_word' id='word_1_265' title='bbox 406 3155 597 3209; x_wconf 89' lang='lat' dir='ltr'><strong>Parmenionis</strong></span> <span class='ocrx_word' id='word_1_266' title='bbox 621 3154 721 3222; x_wconf 88' lang='lat' dir='ltr'><strong>oritur,</strong></span> <span class='ocrx_word' id='word_1_267' title='bbox 746 3172 817 3224; x_wconf 89' lang='lat' dir='ltr'><strong>quae</strong></span> <span class='ocrx_word' id='word_1_268' title='bbox 835 3158 931 3212; x_wconf 84' lang='lat' dir='ltr'><strong>tamen</strong></span> <span class='ocrx_word' id='word_1_269' title='bbox 948 3157 1028 3213; x_wconf 83' lang='lat' dir='ltr'><strong>brevi</strong></span> <span class='ocrx_word' id='word_1_270' title='bbox 1046 3174 1092 3214; x_wconf 86' lang='lat' dir='ltr'><strong>ex·</strong></span> 
     </span>
     <span class='ocr_line' id='line_1_39' title="bbox 83 3223 1159 3298; baseline 0.001 -16"><span class='ocrx_word' id='word_1_271' title='bbox 83 3227 231 3296; x_wconf 85' lang='lat' dir='ltr'><strong>tinguitur.</strong></span> <span class='ocrx_word' id='word_1_272' title='bbox 275 3225 320 3280; x_wconf 91' lang='lat' dir='ltr'><strong>III.</strong></span> <span class='ocrx_word' id='word_1_273' title='bbox 343 3223 444 3279; x_wconf 86' lang='lat' dir='ltr'><strong>Varios</strong></span> <span class='ocrx_word' id='word_1_274' title='bbox 471 3226 589 3294; x_wconf 90' lang='lat' dir='ltr'><strong>populos</strong></span> <span class='ocrx_word' id='word_1_275' title='bbox 616 3226 774 3280; x_wconf 88' lang='lat' dir='ltr'><strong>Alexander</strong></span> <span class='ocrx_word' id='word_1_276' title='bbox 799 3227 897 3281; x_wconf 86' lang='lat' dir='ltr'><strong>domat</strong></span> <span class='ocrx_word' id='word_1_277' title='bbox 924 3228 954 3282; x_wconf 92' lang='lat' dir='ltr'><strong>et</strong></span> <span class='ocrx_word' id='word_1_278' title='bbox 981 3229 1091 3298; x_wconf 87' lang='lat' dir='ltr'><strong>septen·</strong></span> <span class='ocrx_word' id='word_1_279' title='bbox 1138 3236 1159 3297; x_wconf 63' lang='lat' dir='ltr'><strong>*ij</strong></span> 
     </span>
     <span class='ocr_line' id='line_1_40' title="bbox 84 3295 1091 3366; baseline 0.005 -17"><span class='ocrx_word' id='word_1_280' title='bbox 84 3298 176 3351; x_wconf 91' lang='lat' dir='ltr'><strong>decim</strong></span> <span class='ocrx_word' id='word_1_281' title='bbox 195 3297 294 3351; x_wconf 89' lang='lat' dir='ltr'><strong>diebus</strong></span> <span class='ocrx_word' id='word_1_282' title='bbox 314 3312 377 3350; x_wconf 91' lang='lat' dir='ltr'><strong>cum</strong></span> <span class='ocrx_word' id='word_1_283' title='bbox 400 3295 524 3350; x_wconf 88' lang='lat' dir='ltr'><strong>exercitu</strong></span> <span class='ocrx_word' id='word_1_284' title='bbox 543 3295 697 3350; x_wconf 78' lang='lat' dir='ltr'><strong>Caucasum</strong></span> <span class='ocrx_word' id='word_1_285' title='bbox 715 3300 836 3366; x_wconf 82' lang='lat' dir='ltr'><strong>superat.</strong></span> <span class='ocrx_word' id='word_1_286' title='bbox 867 3297 915 3352; x_wconf 86' lang='lat' dir='ltr'><strong>IV.</strong></span> <span class='ocrx_word' id='word_1_287' title='bbox 933 3297 1036 3352; x_wconf 85' lang='lat' dir='ltr'><strong>Bessus</strong></span> <span class='ocrx_word' id='word_1_288' title='bbox 1055 3298 1091 3355; x_wconf 86' lang='lat' dir='ltr'><strong>de</strong></span> 
     </span>
     <span class='ocr_line' id='line_1_41' title="bbox 82 3365 1132 3437; baseline 0.004 -17"><span class='ocrx_word' id='word_1_289' title='bbox 82 3367 159 3421; x_wconf 90' lang='lat' dir='ltr'><strong>bello</strong></span> <span class='ocrx_word' id='word_1_290' title='bbox 191 3367 323 3421; x_wconf 84' lang='lat' dir='ltr'><strong>adversus</strong></span> <span class='ocrx_word' id='word_1_291' title='bbox 350 3365 541 3419; x_wconf 82' lang='lat' dir='ltr'><strong>Alexandrum</strong></span> <span class='ocrx_word' id='word_1_292' title='bbox 565 3367 686 3436; x_wconf 88' lang='lat' dir='ltr'><strong>gerendo</strong></span> <span class='ocrx_word' id='word_1_293' title='bbox 714 3366 788 3422; x_wconf 91' lang='lat' dir='ltr'><strong>inter</strong></span> <span class='ocrx_word' id='word_1_294' title='bbox 814 3367 912 3436; x_wconf 88' lang='lat' dir='ltr'><strong>epulas</strong></span> <span class='ocrx_word' id='word_1_295' title='bbox 939 3367 1089 3437; x_wconf 82' lang='lat' dir='ltr'><strong>consultat,</strong></span> <span class='ocrx_word' id='word_1_296' title='bbox 1128 3378 1132 3385; x_wconf 90' lang='lat'>&#39;</span> 
     </span>
     <span class='ocr_line' id='line_1_42' title="bbox 84 3435 1091 3505; baseline 0.004 -17"><span class='ocrx_word' id='word_1_297' title='bbox 84 3436 206 3504; x_wconf 88' lang='lat' dir='ltr'><strong>sapienti</strong></span> <span class='ocrx_word' id='word_1_298' title='bbox 222 3439 318 3490; x_wconf 86' lang='lat' dir='ltr'><strong>tamon</strong></span> <span class='ocrx_word' id='word_1_299' title='bbox 332 3435 448 3490; x_wconf 73' lang='lat' dir='ltr'><strong>(lobaria</strong></span> <span class='ocrx_word' id='word_1_300' title='bbox 466 3436 584 3490; x_wconf 92' lang='lat' dir='ltr'><strong>consilio</strong></span> <span class='ocrx_word' id='word_1_301' title='bbox 603 3453 659 3491; x_wconf 93' lang='lat' dir='ltr'><strong>non</strong></span> <span class='ocrx_word' id='word_1_302' title='bbox 676 3439 764 3505; x_wconf 90' lang='lat' dir='ltr'><strong>paret.</strong></span> <span class='ocrx_word' id='word_1_303' title='bbox 796 3436 913 3492; x_wconf 88' lang='lat' dir='ltr'><strong>Interim</strong></span> <span class='ocrx_word' id='word_1_304' title='bbox 925 3454 976 3494; x_wconf 86' lang='lat' dir='ltr'><strong>rex</strong></span> <span class='ocrx_word' id='word_1_305' title='bbox 986 3438 1091 3494; x_wconf 85' lang='lat' dir='ltr'><strong>Bactra</strong></span> 
     </span>
     <span class='ocr_line' id='line_1_43' title="bbox 82 3505 1090 3576; baseline -0.002 -16"><span class='ocrx_word' id='word_1_306' title='bbox 82 3507 223 3576; x_wconf 86' lang='lat' dir='ltr'><strong>pervenit,</strong></span> <span class='ocrx_word' id='word_1_307' title='bbox 245 3506 296 3560; x_wconf 87' lang='lat' dir='ltr'><strong>ubi</strong></span> <span class='ocrx_word' id='word_1_308' title='bbox 318 3506 354 3561; x_wconf 90' lang='lat' dir='ltr'><strong>de</strong></span> <span class='ocrx_word' id='word_1_309' title='bbox 377 3505 546 3561; x_wconf 80' lang='lat' dir='ltr'><strong>Graecorum</strong></span> <span class='ocrx_word' id='word_1_310' title='bbox 567 3505 724 3561; x_wconf 87' lang='lat' dir='ltr'><strong>defectione</strong></span> <span class='ocrx_word' id='word_1_311' title='bbox 747 3508 777 3563; x_wconf 89' lang='lat' dir='ltr'><strong>et</strong></span> <span class='ocrx_word' id='word_1_312' title='bbox 799 3508 835 3563; x_wconf 89' lang='lat' dir='ltr'><strong>de</strong></span> <span class='ocrx_word' id='word_1_313' title='bbox 853 3506 1035 3565; x_wconf 69' lang='lat' dir='ltr'><strong>Satibarzans</strong></span> <span class='ocrx_word' id='word_1_314' title='bbox 1056 3511 1090 3563; x_wconf 83' lang='lat' dir='ltr'><strong>ab</strong></span> 
     </span>
    </p>
   </div>
   <div class='ocr_carea' id='block_1_7' title="bbox 84 3575 1173 3646">
    <p class='ocr_par' dir='ltr' id='par_1_7' title="bbox 84 3575 1173 3646">
     <span class='ocr_line' id='line_1_44' title="bbox 84 3575 1173 3646; baseline -0.009 -14"><span class='ocrx_word' id='word_1_315' title='bbox 84 3575 198 3646; x_wconf 80' lang='lat' dir='ltr'><strong>Erigyio</strong></span> <span class='ocrx_word' id='word_1_316' title='bbox 208 3575 345 3646; x_wconf 87' lang='lat' dir='ltr'><strong>singulari</strong></span> <span class='ocrx_word' id='word_1_317' title='bbox 355 3575 507 3630; x_wconf 88' lang='lat' dir='ltr'><strong>certamine</strong></span> <span class='ocrx_word' id='word_1_318' title='bbox 522 3577 613 3632; x_wconf 89' lang='lat' dir='ltr'><strong>occiso</strong></span> <span class='ocrx_word' id='word_1_319' title='bbox 627 3576 743 3631; x_wconf 87' lang='lat' dir='ltr'><strong>nuntius</strong></span> <span class='ocrx_word' id='word_1_320' title='bbox 757 3575 788 3632; x_wconf 85' lang='lat' dir='ltr'><strong>ei</strong></span> <span class='ocrx_word' id='word_1_321' title='bbox 798 3577 944 3632; x_wconf 63' lang='lat' dir='ltr'><strong>attextum</strong></span> <span class='ocrx_word' id='word_1_322' title='bbox 959 3578 991 3631; x_wconf 65' lang='lat' dir='ltr'><strong>&#39;I</strong></span> <span class='ocrx_word' id='word_1_323' title='bbox 1000 3578 1089 3629; x_wconf 61' lang='lat' dir='ltr'><strong>‚time</strong></span> <span class='ocrx_word' id='word_1_324' title='bbox 1169 3582 1173 3589; x_wconf 75' lang='grc'><em>·</em></span> 
     </span>
    </p>
   </div>
   <div class='ocr_carea' id='block_1_8' title="bbox 0 0 1231 3908">
    <p class='ocr_par' dir='ltr' id='par_1_8' title="bbox 0 0 1231 3908">
     <span class='ocr_line' id='line_1_45' title="bbox 0 0 1231 3908; baseline 0 0"><span class='ocrx_word' id='word_1_325' title='bbox 0 0 1231 3908; x_wconf 95' lang='lat' dir='ltr'><strong> </strong></span> 
     </span>
    </p>
   </div>
  </div>
 </body>
</html>
