2444 3908
255 157 506 214 HISTORIARUM
523 157 738 214 ALEXANDRI
757 159 829 230 VIII,
847 165 871 216 ὅ.
892 166 916 215 6.
1024 159 1087 223 201

83 301 291 386 Hermolaus,
314 323 394 385 puer
411 302 531 367 nobilis
550 323 588 366 ex
608 304 699 385 regia
717 302 862 386 cohorte,
885 323 957 368 cum
976 325 1089 406 aprum

83 390 150 454 telo
179 393 380 473 occupasset,
410 411 505 472 quem
532 411 589 454 rex
614 391 711 455 ferire
740 390 970 474 destinaverat,
1000 393 1090 456 iussu

85 478 153 542 eius
171 478 358 543 verberibus
378 476 484 542 adfect
469 481 522 542 tus
546 483 604 543 est.
641 477 774 580 Quam
763 480 975 563 ignominiam
994 499 1091 564 aegre

83 566 187 631 ferens
207 566 323 631 deflere
337 564 422 649 apud
437 563 620 631 Sostratum
633 566 755 649 coepit:
774 587 812 630 ex
831 566 941 632 eadem
959 568 1091 633 cohorte

84 658 154 719 erat
173 651 248 719 Sost
234 658 349 736 t,ratus
366 675 477 718 amore
495 653 564 719 eius
583 654 708 718 ardens.
740 653 803 730 Qui
822 675 895 718 cum
913 655 1090 720 laceratum
1108 668 1125 717 8

84 762 212 825 corpus,
234 742 270 806 ιι
293 762 356 824 quo
380 740 592 824 deperibat,
582 764 616 806 m
616 745 774 825 tueretur,
796 742 891 807 forsit
876 745 934 806 ιιι
952 743 1030 807 olim
1048 745 1090 808 ob

85 830 181 894 aliam
200 850 325 913 quoque
339 849 470 894 causam
487 829 558 914 regi
575 829 722 913 infestus,
740 830 888 895 iuvenem
902 853 960 894 sua
975 834 1091 913 sponte

83 917 150 982 iam
169 921 292 982 motum
310 916 387 981 data
404 916 466 980 fide
485 921 679 1001 acceptaque
697 918 851 1001 perpulit,
872 922 910 982 ut
928 917 1091 983 occidendi

83 1025 192 1090 regem
225 1004 396 1070 consilium
428 1026 537 1070 secum
564 1005 672 1070 iniret.
721 1004 790 1070 Nec
820 1006 937 1088 puerili
967 1006 1128 1089 impetue

83 1114 152 1158 rem
175 1093 300 1158 executi
329 1095 418 1157 sunt:
446 1091 564 1177 quippe
587 1094 735 1158 sollerter
756 1094 923 1179 legerunt,
951 1116 1030 1178 quos
1057 1094 1092 1158 ιι

85 1181 274 1247 societatem
300 1179 430 1245 sceleris
458 1181 679 1246 adsciscerent.
728 1179 965 1264 Nicostratum,
998 1182 1092 1245 Anti·

83 1273 213 1353 patrum
232 1267 563 1352 Asclepiodorumque
586 1273 619 1333 et
635 1268 792 1334 Philotan
811 1269 935 1353 placuit
948 1268 1093 1335 adsumi:

84 1378 142 1441 per
159 1356 220 1421 hos
239 1355 356 1422 adiecti
374 1360 451 1421 sunt
468 1355 627 1441 Anticles,
643 1357 839 1440 Elaptonius
859 1361 892 1422 et
909 1357 1093 1441 Epimenes.

85 1442 235 1510 Ceterum
264 1444 406 1530 agendae
432 1445 480 1509 rei
509 1445 597 1510 haud
624 1466 700 1510 sane
732 1445 838 1510 facilis
869 1447 1003 1529 patebat
1030 1446 1091 1510 via.

85 1532 172 1616 Opus
196 1536 265 1597 erat
288 1532 399 1597 eadem
418 1532 524 1597 omnis
543 1532 727 1598 coniuratos
744 1537 840 1598 nocte
858 1535 1029 1617 excubare,
1052 1555 1092 1597 ιι
1112 1545 1145 1594 ιο

85 1621 126 1685 ab
151 1621 335 1704 expertibus
358 1619 487 1685 consilii
509 1620 743 1703 inpedirentur:
772 1621 856 1686 forte
879 1625 987 1686 autem
1010 1622 1093 1686 alius

86 1709 151 1773 alia
167 1712 262 1773 nocte
275 1707 462 1773 excubabat.
493 1705 608 1791 Itaque
626 1709 659 1771 in
678 1708 899 1792 permutandis
916 1710 1093 1774 stationum
1113 1721 1145 1768 11

85 1796 211 1861 vicibus
235 1800 403 1878 ceteroque
422 1798 580 1877 apparatu
597 1795 798 1878 exequendae
819 1796 867 1859 rei
885 1814 959 1860 xxx
979 1800 1011 1859 et
1030 1796 1092 1860 duc

33 1884 76 1950 22
86 1883 153 1948 dies
168 1883 332 1965 absumpti
351 1885 433 1947 sunt
460 1883 584 1946 Aderat
596 1904 670 1965 nox,
684 1904 749 1966 qua
762 1883 923 1947 coniurati
938 1884 1093 1947 excubare
1113 1895 1146 1943 ιι

86 1971 258 2055 debebant,
279 1975 392 2035 mutua
409 1969 472 2034 fide
490 1970 583 2054 laeti,
605 1971 694 2035 cuius
713 1970 939 2035 documentum
956 1975 1008 2035 tot
1025 1971 1093 2035 dies

85 2059 223 2123 fuerant.
258 2058 429 2123 Neminem
448 2062 552 2123 metus
571 2080 685 2142 spesve
700 2062 897 2142 mutaverat,
915 2062 1009 2124 tanta
1027 2080 1093 2123 om·

85 2148 182 2212 nibus
196 2147 247 2212 vel
261 2147 295 2210 in
309 2167 418 2231 regem
431 2146 482 2210 ira
495 2147 546 2211 vel
563 2146 643 2212 fides
657 2147 742 2211 inter
755 2147 844 2231 ipsos
856 2147 927 2211 fuit.
955 2143 1095 2210 Stabant
1113 2158 1146 2206 13

85 2235 187 2320 igitur
210 2235 251 2298 ad
278 2235 365 2300 fores
388 2234 477 2299 aedis
500 2235 582 2318 eius,
608 2235 643 2299 in
665 2256 728 2319 qua
750 2257 807 2300 rex
829 2236 1031 2313 vescebatur,
1061 2238 1095 2299 ut

87 2324 232 2389 convivio
256 2344 421 2408 egressum
443 2322 479 2387 in
500 2324 680 2388 cubiculum
703 2323 902 2388 deducerent.
944 2320 1006 2387 Sed
1028 2322 1149 2386 for-14

86 2416 166 2476 tuna
178 2411 281 2494 ipsius
296 2412 453 2494 simulque
463 2411 663 2493 epulantium
675 2411 811 2475 comitas
825 2410 974 2493 provexit
983 2431 1094 2473 omnes

87 2499 129 2564 ad
146 2498 268 2583 largius
283 2499 405 2564 vinum:
424 2497 493 2562 ludi
512 2499 610 2562 etiam
629 2497 811 2562 convivales
830 2499 996 2561 extraxere
1015 2499 1095 2559 tem·

87 2609 162 2670 pus,
189 2607 274 2650 nunc
300 2585 498 2650 laetantibus
530 2585 720 2668 coniuratis,
752 2583 837 2667 quod
869 2584 1009 2666 sopitum
1042 2583 1095 2647 ad·

88 2674 230 2759 gressuri
249 2677 370 2755 essent,
392 2692 476 2736 nunc
495 2671 625 2736 sollicit
600 2675 657 2752 t,1s
679 2691 720 2735 ne
738 2671 773 2735 in
790 2672 895 2735 lucem
913 2672 1095 2736 convivium

88 2761 280 2826 extraheret.
312 2722 437 2860 Quippe
456 2758 567 2823 alios
557 2781 624 2823 ιιι
609 2763 676 2823 ιι
642 2756 786 2823 ationem
802 2763 897 2842 oport
884 2760 973 2823 tebat
989 2761 1094 2843 prima
1114 2768 1149 2818 ιι

89 2849 159 2913 luce
187 2846 393 2912 succedere
383 2868 528 2930 1ps0rum
549 2851 625 2930 post
648 2852 720 2930 sept
721 2847 822 2911 imum
846 2847 930 2911 diem
953 2848 1037 2912 redit
1023 2853 1096 2912 tura

89 2936 171 3000 vice.
202 2956 262 2999 nec
290 2956 418 3017 sperare
445 2935 632 3018 poterant
623 2956 657 2998 m
683 2934 805 2999 illudt
790 2938 918 3017 tempus
945 2935 1095 3000 omnibus
1141 2982 1145 2987 -

89 3024 275 3088 duraturam
297 3022 402 3087 fidem.
439 3019 589 3088 Ceterum
608 3045 681 3086 cum
703 3023 768 3087 iam
786 3023 842 3086 lux
860 3022 1040 3106 adpeteret,
1063 3025 1097 3087 et

89 3111 270 3178 convivium
289 3111 424 3175 solvitur
444 3116 477 3175 et
495 3112 643 3176 coniurat
643 3134 655 3175 1
646 3112 864 3196 'exceperunt
881 3131 1000 3193 regem,
1018 3109 1103 3191 laeti

89 3201 290 3266 occasionem
313 3199 490 3283 exequendi
518 3200 647 3264 sceleris
676 3199 786 3262 admot
772 3202 853 3261 t:am
882 3220 953 3263 cum
981 3222 1014 3263 m
1082 3282 1087 3287 .

89 3289 260 3372 attonitae,
282 3293 320 3353 ut
343 3288 500 3353 creditum
523 3293 587 3370 ιιι
610 3287 727 3351 mentis
747 3287 928 3351 conversari
950 3287 1023 3350 ιιι
1066 3280 1076 3301 ⁴

89 3375 200 3459 solita,
223 3378 297 3460 quia
316 3377 470 3441 instinctu
492 3375 658 3440 videbatur
681 3375 791 3439 futura
813 3374 1008 3457 praedicere,
1090 3380 1093 3385 '

89 3464 230 3528 occurrit
245 3465 339 3530 modo
355 3465 486 3530 abeunti
515 3464 680 3528 sedetiam
696 3468 797 3529 semet
812 3462 930 3527 obiecit
943 3461 1033 3524 vultu
1065 3466 1084 3557 .'

89 3555 122 3617 et
145 3551 245 3618 oculis
268 3556 402 3618 motum'
415 3515 600 3637 pradferens
624 3551 737 3636 animi,
767 3555 803 3616 ut
825 3549 944 3614 rediret
966 3548 1000 3613 in
1023 3569 1040 3614 c
