2444 3908
184 114 226 177 58
557 114 589 179 Q.
610 114 719 170 cuam
736 115 824 170 RUFI

183 261 372 340 percensent
392 257 530 323 Persidis
552 280 673 343 regum,
696 279 777 343 quos
800 258 942 323 adversis
963 258 1013 323 dis
1031 279 1210 344 pugnasse

4 344 28 429 ,1.
150 346 279 414 11111111
313 345 505 409 ostendisset
536 346 679 411 defectio.
732 345 831 410 Nulla
865 367 916 410 res
953 347 1208 413 multitudinem

4 434 29 545 ’,Ι
66 486 69 491 .
185 432 342 497 efficacius
378 433 463 517 regit
496 455 593 517 quam
625 434 822 517 superstitio:
859 433 1002 516 alioquin
1033 434 1208 518 inpotens,

5 522 8 547 ²
183 541 292 603 saeva,
314 521 492 604 mutabilis,
514 520 570 585 ubi
592 543 677 585 vana
702 522 856 606 religione
884 524 979 603 capta
996 524 1057 605 est,
1080 523 1206 589 melius

182 607 317 690 vatibus,
341 630 437 691 quam
451 607 583 672 ducibus
599 610 664 672 suis
678 613 777 692 paret
807 609 912 693 Igitur
928 608 1014 672 edita
1027 609 1064 673 in
1078 611 1205 695 vulgus

182 693 414 780 Aegyptiorum
449 717 604 780 responsa
638 708 748 760 rursus
785 697 826 761 ad
857 718 947 779 spem
978 701 1011 760 et
1043 696 1205 763 fiduciam

148 803 309 852 screxere
341 787 516 867 torpentes.
568 783 638 848 Rex
671 785 793 868 impetu
825 785 1004 848 animorum
1037 786 1222 851 utendum

10 922 18 949 ,
182 875 271 936 ratus
295 873 434 936 secunda
455 873 566 956 vigilia
588 875 692 936 eastra
713 872 831 936 movit:
856 871 968 935 dextra
988 871 1120 956 Tigrim
1144 874 1205 939 ha·

1 955 19 1011 'e
147 959 291 1042 abebat,
324 982 343 1023 a
364 960 455 1024 laeva
478 962 616 1044 montes,
639 982 719 1044 quos
744 958 929 1042 Gordyaeos
951 962 1077 1024 vocant
1126 960 1204 1027 Hoc

7 1064 22 1127 Ιῑ.
135 1080 138 1085 -
182 1047 335 1132 ingressis
362 1048 424 1111 iter
452 1048 679 1131 speculatores,
716 1048 770 1131 qui
798 1047 966 1130 praemissi
995 1050 1102 1132 erant,
1140 1050 1203 1115 sub

182 1135 261 1198 lucis
285 1138 390 1198 ortum
408 1134 548 1198 Dareum
567 1135 738 1199 adventare
755 1139 837 1198 nunt
823 1135 991 1199 t.iaverunt
1027 1134 1201 1203 Instructo

7 1222 19 1299 ²2
132 1222 217 1305 1oig
197 1222 282 1285 citur
312 1222 413 1285 milite
382 1225 478 1286 111
509 1224 675 1306 conposito
707 1223 906 1307 agminean
865 1222 1080 1288 antecedebat
1136 1223 1201 1289 Sed

1 1312 23 1343 '²
182 1276 351 1372 13³·osarum
377 1312 553 1374 moratores
581 1313 686 1392 erant,
717 1310 943 1393 milleforme,
975 1311 1199 1394 quispeciem

2 1444 14 1483 Ι,
183 1397 293 1480 magni
312 1397 450 1481 agminis
468 1398 624 1462 fecerant:
596 1399 760 1481 tquippe
778 1398 835 1462 ubi
853 1360 1013 1480 expldrari
1031 1419 1111 1462 vera
1128 1422 1201 1466 non

1 1488 23 1567 11
132 1503 162 1552 11
182 1487 329 1566 possunt,
353 1484 437 1548 falsa
457 1506 515 1567 per
536 1489 657 1549 metum
680 1489 846 1568 augentur
889 1484 951 1549 His
975 1486 1115 1570 cognitis
1141 1510 1200 1553 rex

183 1593 255 1634 cum
280 1571 390 1654 paucis
414 1593 544 1636 suorum
567 1572 698 1637 adsecut
684 1576 736 1636 tus
760 1593 877 1656 agmen
899 1573 1131 1658 refugientium
1158 1576 1199 1640 ad

183 1681 257 1722 suos
291 1659 370 1723 alios
402 1660 529 1744 cecidit,
560 1660 645 1743 cepit
677 1660 769 1724 alios:
808 1661 993 1745 equitesque
1025 1663 1201 1743 praemisit

10 60 15 95 ,

3 156 17 319 l

12 396 21 463 1

0 1780 24 1819 ι
184 1748 394 1830 speculatum,
418 1748 513 1812 simul
536 1752 573 1811 ut
595 1749 712 1832 ignem,
736 1769 798 1831 quo
820 1749 949 1812 barbari
973 1746 1208 1816 cremaverant

132 1836 282 1919 1111111,
315 1836 546 1920 extinguerent.
600 1836 724 1919 Quippe
754 1836 915 1921 fugientes
945 1836 1065 1919 raptim
1098 1840 1200 1905 tectis

20 1924 28 1975 '-
183 1925 366 2008 acervisque
392 1925 545 1988 frumenti
568 1924 744 1988 iniecerant
765 1924 925 2008 flammas,
956 1945 1138 2007 quaecum
1163 1927 1201 1992 in

183 2034 305 2076 summo
328 2013 516 2096 haesissent,
539 2013 579 2075 ad
601 2012 753 2076 inferiora
774 2013 918 2076 nondum
936 2014 1201 2094 penetraverant

131 2118 163 2166 13
182 2099 335 2163 Extincto
358 2100 458 2182 igitur
479 2101 554 2183 igne
577 2099 749 2182 plurimum
772 2099 924 2162 frumenti
946 2101 1110 2182 repertum
1129 2107 1201 2168 est:

183 2187 275 2268 copia
297 2186 431 2263 aliarum
454 2208 578 2269 quoque
600 2207 707 2249 rerum
730 2186 891 2250 abundare
915 2191 1100 2269 coeperunt
1144 2188 1201 2255 Ea

182 2293 232 2335 res
261 2273 332 2354 ipsa
358 2273 453 2336 militi
481 2274 520 2336 ad
548 2273 800 2356 persequendum
825 2273 953 2338 hostem
976 2274 1123 2339 animum
1146 2278 1201 2342 in-

183 2360 301 2424 cendit:
338 2361 455 2444 quippe
487 2364 599 2424 urente
629 2365 661 2424 et
686 2362 860 2444 populante
887 2384 925 2426 eo
951 2365 1072 2425 terram
1103 2364 1201 2431 festi·

131 2468 164 2515 11
181 2449 324 2513 nandum
347 2453 427 2533 erat,
458 2471 499 2513 ne
521 2449 669 2514 incendio
692 2453 806 2514 11111111
827 2450 1032 2534 praeciperet
1077 2450 1122 2515 In
1143 2475 1201 2519 ra·

180 2537 302 2602 tionem
338 2559 413 2621 ergo
445 2539 620 2602 necessitas
651 2559 745 2602 versa
776 2541 840 2602 est:
883 2538 999 2621 quippe
1030 2535 1201 2627 Mazaeus,

182 2626 237 2707 qui
260 2628 355 2689 antea
377 2648 434 2708 per
456 2627 557 2689 otium
579 2627 666 2691 vicos
688 2626 913 2708 incenderat,
903 2647 968 2689 ram
986 2626 1099 2709 fugere
1118 2649 1201 2694 con-

4 2706 7 2759 j
130 2731 162 2779 11
181 2715 289 2775 tentus
326 2714 477 2797 pleraque
512 2714 667 2777 inviolata
700 2714 788 2779 hosti
818 2714 956 2798 reliquit
1007 2712 1201 2782 Alexander

181 2799 267 2862 haud
288 2800 417 2883 longius
441 2816 484 2865 cn
507 2800 618 2864 stadiis
641 2799 782 2865 Dareum
805 2824 825 2866 a
847 2823 881 2866 se
905 2801 1015 2864 abesse
1038 2823 1201 2888 conpere-

181 2889 240 2950 rat
284 2885 397 2969 Itaque
420 2887 460 2950 ad
483 2888 578 2951 satiet
580 2891 664 2952 atem
687 2909 811 2973 quoque
839 2889 931 2972 copia
953 2894 1201 2959 commeatuum

181 2976 356 3038 instructus
380 2974 587 3057 quadriduo
578 2998 613 3039 1n
636 2976 746 3039 eodem
768 2978 840 3041 loco
864 2976 1018 3064 substitit

130 3082 161 3130 16
267 3061 467 3144 Interceptae
503 3063 616 3127 deinde
651 3063 748 3127 Darei
783 3065 836 3128 litt
807 3067 909 3128 tterae
946 3067 1034 3143 sunt,
1071 3067 1199 3149 quibus

181 3149 294 3214 Graeci
316 3149 434 3214 milites
458 3151 793 3235 sollicitabantur,ut
755 3172 927 3236 uregem
954 3156 1011 3216 aut
1031 3153 1199 3222 interfice-

180 3242 259 3302 rent
276 3241 332 3302 aut
352 3238 535 3321 proderent,
558 3240 791 3324 dubitavitque,
814 3261 932 3304 aneas
955 3261 1014 3323 pro
1037 3242 1199 3310 contione

180 3327 344 3410 recitaret,
380 3326 458 3390 satis
491 3327 630 3391 confisus
662 3326 856 3392 Graecorum
888 3349 1012 3412 quoque
1044 3349 1126 3413 erga
1159 3354 1198 3397 se

129 3435 159 3482 17
180 3414 412 3481 benivolentiae
439 3435 476 3479 ao
505 3414 587 3479 fidei.
636 3413 699 3479 Sed
725 3416 895 3480 Parmenio
928 3415 1093 3501 deterruit,
1128 3439 1199 3487 non

180 3525 248 3568 esse
274 3503 393 3568 talibus
420 3503 587 3588 promissis
613 3503 791 3568 inbuendas
817 3524 908 3568 aures
931 3503 1071 3568 militum
1093 3505 1198 3573 adfir-
