2444 3908
154 156 220 220 260
527 158 559 222 Q.
579 157 688 211 CURTI
706 156 792 211 RUFI

153 300 271 382 fatum,
303 300 393 364 cuius
421 300 620 365 inevitabilis
649 321 719 364 sors
748 302 811 382 est,
840 300 1020 383 adpetebat.
1067 299 1173 365 Forte

155 389 240 452 enim
264 388 445 470 sepulcrum
467 386 546 471 Oyri
569 388 752 452 Alexander
774 388 870 452 iussit
893 389 1019 471 aperiri,
1044 389 1080 452 in
1106 410 1172 472 quo

155 480 225 540 erat
251 476 415 540 conditum
443 476 511 540 eius
540 499 670 559 corpus,
698 477 749 540 cui
772 476 848 540 dare
871 476 1002 540 volebat
1023 476 1173 541 inferias,

101 575 135 623 31
155 562 244 628 Auro
273 568 473 648 argentoque
500 565 660 647 repletum
683 585 752 628 esse
776 563 1022 628 crediderat-
1048 566 1172 648 quippe

154 652 203 716 ita
229 652 318 717 fama
344 653 463 717 Persae
490 653 702 737 vulgaverant
725 689 762 697 —
787 651 843 715 sed
870 658 999 734 praeter
1027 653 1172 736 clipeum

156 741 223 804 eius
247 746 375 823 putrem
398 744 430 805 et
451 762 545 804 arcus
565 740 644 805 duos
664 738 830 823 Scythicos
851 743 884 803 et
902 740 1066 804 acinacem
1086 741 1171 805 nihil

104 839 136 886 32
156 830 307 911 repperit.
343 827 495 892 Ceterum
519 850 636 894 corona
659 849 757 893 aurea
778 828 922 911 inposita
943 830 1093 911 amiculo,
1120 829 1171 893 cui

157 917 347 981 adsueverat
373 917 456 1000 ipse,
488 918 620 998 solium,
649 916 682 980 in
711 938 774 999 quo
802 937 916 998 corpus
944 915 1087 994 iacebat,
1118 939 1171 980 ve-

156 1006 249 1086 lavit,
277 1006 414 1069 miratus
441 1006 528 1069 tanti
554 1004 694 1068 nominis
722 1024 831 1087 regem
858 1004 959 1068 tantis
983 1005 1171 1086 praeditum

157 1094 273 1176 opibus
295 1092 382 1157 haud
404 1093 577 1176 pretiosius
601 1093 762 1175 sepultum
783 1113 864 1174 esse,
888 1092 1032 1174 quamsi
1053 1092 1172 1157 fuisset

104 1191 174 1243 333
196 1181 298 1263 plebe.
342 1179 512 1245 Proximus
540 1184 611 1244 erat
637 1181 731 1244 lateri
759 1180 872 1263 spado,
906 1181 959 1262 qui
988 1200 1100 1264 regem
1125 1181 1172 1245 in·

157 1272 265 1348 tuens,
290 1266 386 1342 ‘Quid
408 1266 549 1351 mirum,'
572 1267 691 1351 inquit,
715 1267 777 1331 ‘est
798 1268 909 1331 inania
927 1268 1076 1350 sepulcra
1100 1290 1171 1333 esse

156 1375 282 1438 regum,
311 1376 382 1418 cum
410 1359 613 1437 satraparum
641 1355 754 1420 domus
786 1378 899 1419 aurum
921 1355 995 1420 inde
1019 1360 1170 1440 egestum

104 1454 139 1500 34
158 1464 270 1525 capere
297 1463 364 1506 non
390 1443 538 1526 possint?
580 1442 674 1518 Quod
701 1443 741 1507 ad
769 1466 820 1507 me
849 1444 977 1526 attinet,
1009 1445 1080 1526 ipse
1108 1445 1172 1509 hoe

158 1532 290 1595 bustum
318 1534 414 1594 antea
440 1553 505 1595 non
532 1530 689 1615 videram,
717 1531 773 1595 sed
797 1553 835 1595 ex
853 1531 960 1596 Dareo
984 1532 1032 1595 ita
1051 1532 1172 1615 accepi,

105 1630 138 1678 33
158 1637 196 1683 111
217 1618 308 1683 milia
330 1618 488 1683 talentum
516 1620 645 1683 condita
672 1640 741 1683 esse
764 1639 835 1682 cum
860 1617 955 1702 Cyro
1001 1619 1088 1684 Hinc
1112 1620 1172 1684 illa

158 1706 343 1792 benignitas
366 1707 401 1770 in
418 1711 461 1790 te,
482 1711 528 1789 ut,
552 1707 637 1791 quod
659 1708 790 1790 impune
813 1707 932 1772 habere
951 1730 1016 1771 non
1040 1712 1173 1790 poterat

106 1805 139 1854 33
160 1795 299 1878 Orsines,
323 1795 470 1860 donando
495 1796 594 1859 etiam
618 1796 756 1879 gratiam
779 1793 899 1860 iniret?
942 1794 1173 1860 Concitaverat

159 1885 224 1947 iam
249 1885 392 1948 animum
417 1884 451 1947 in
472 1884 568 1966 iram,
592 1905 663 1947 cum
686 1883 730 1965 hi,
754 1884 870 1967 quibus
893 1885 1062 1967 negotium
1085 1884 1173 1949 idem

159 1972 305 2056 dederat,
328 1973 565 2054 superveniunt.
603 1970 687 2034 Hinc
710 1970 848 2055 Bagoas,
870 1970 946 2037 hinc
969 1972 1009 2036 ab
1034 1993 1072 2036 eo
1098 1973 1173 2036 sub-

107 2072 141 2120 37
161 2061 267 2125 ornati
299 2060 391 2124 falsis
421 2059 607 2124 criminibus
644 2064 801 2142 occupant
833 2081 934 2123 aurea.
983 2059 1173 2142 Antequam

161 2149 307 2212 accusari
330 2169 363 2211 se
387 2148 617 2229 suspicaretur,
640 2146 771 2211 Orsines
794 2147 828 2210 in
854 2148 979 2211 vincula
1001 2150 1052 2210 333
1073 2149 1173 2212 tradi-

160 2239 222 2299 tus.
255 2233 331 2299 Non
349 2238 518 2298 contentus
537 2235 697 2317 supplicio
716 2235 855 2300 insontis
874 2234 974 2318 spado
989 2236 1059 2318 ipse
1073 2237 1173 2301 mori·

160 2327 234 2386 turo
258 2345 388 2387 manum
411 2323 531 2387 iniecit.
577 2322 677 2398 Quem
707 2321 838 2386 Orsines
862 2323 1004 2402 intuens,
1036 2322 1173 2388 ‘Audie-

93 2466 95 2469 ,
161 2410 261 2493 ram‚’
294 2411 413 2495 inquit,
448 2410 498 2474 ‘in
529 2410 610 2475 Asia
642 2411 719 2474 olim
746 2432 899 2495 regnasse
926 2411 1077 2493 feminas,
1111 2413 1175 2477 hoc

109 2509 143 2558 33
162 2521 237 2564 vero
264 2521 384 2564 novum
412 2503 462 2565 est
488 2519 623 2584 regnare
648 2498 852 2562 castratuml’
885 2498 947 2562 Hic
974 2499 1037 2563 fuit
1066 2501 1174 2565 exitus

162 2588 359 2652 nobilissimi
377 2587 552 2657 Persarum
574 2609 634 2652 nec
655 2587 793 2651 insontis
818 2586 926 2669 modo,
953 2586 1008 2650 sed
1032 2587 1175 2651 eximiae

109 2686 143 2735 33
164 2697 288 2759 quoque
311 2676 524 2760 benignitatis
547 2677 582 2739 in
604 2696 722 2759 regem.
758 2674 882 2739 Eodem
904 2679 1050 2758 tempore
1071 2674 1176 2740 Phra-

164 2764 254 2827 dates
273 2783 408 2847 regnum
428 2765 605 2828 adfectasse
624 2765 792 2846 suspectus
811 2762 974 2828 occiditur.
1011 2761 1176 2845 Coeperat

162 2871 227 2915 retr
254 2872 324 2914 esse
347 2874 499 2934 praeceps
530 2851 570 2915 ad
597 2851 867 2934 repraesentanda
893 2850 1064 2934 supplicia,
1093 2853 1176 2915 item

111 2949 145 2998 40
165 2939 203 3002 ad
237 2939 396 3003 deteriora
430 2940 598 3005 credenda:
636 2940 758 3005 scilicet
789 2961 839 3002 res
873 2938 1029 3002 secundae
1062 2939 1177 3004 valent

165 3031 363 3091 commutare
385 3031 536 3092 naturam
559 3032 592 3091 et
614 3049 688 3090 raro
713 3027 882 3110 quisquam
907 3047 984 3110 erga
1006 3027 1093 3091 bona
1116 3049 1175 3091 sua

165 3116 245 3180 satis
273 3120 386 3180 cautus
416 3120 473 3180 est.
522 3114 612 3179 Idem
642 3115 725 3178 enim
753 3115 850 3196 paulo
879 3118 953 3178 ante
980 3113 1175 3196 Lyncestem

165 3204 383 3268 Alexandrum
406 3203 547 3267 delatum
569 3226 588 3267 a
607 3202 731 3267 duobus
754 3202 915 3267 indicibus
937 3202 1090 3266 damnare
1108 3225 1176 3268 non

112 3305 145 3352 41
166 3293 376 3375 sustinuerat,
403 3291 592 3354 humiliores
622 3312 746 3374 quoque
773 3312 845 3354 reos
869 3295 982 3355 contra
1005 3312 1098 3354 suam
1122 3314 1178 3357 vo-

165 3383 333 3464 luntatem,
356 3380 432 3465 quia
456 3381 569 3443 ceteris
593 3378 784 3443 videbantur
808 3379 961 3462 insontes,
983 3401 1098 3461 passus
1122 3381 1177 3444 ab·

166 3471 262 3553 solvi,
291 3469 440 3534 hostibus
465 3467 559 3532 victis
582 3488 682 3550 regna
709 3466 919 3531 reddiderat
940 3472 1005 3531 333
1026 3474 1177 3534 auxerat:

113 3570 147 3617 42
168 3559 208 3622 ad
232 3560 383 3624 ultimum
405 3557 453 3620 ita
476 3556 516 3620 ab
542 3556 713 3638 semetipso
738 3554 957 3638 degeneravit,
980 3559 1018 3618 nt
1035 3555 1177 3622 invictus
