2444 3908
470 155 696 210 SUMMARIUM.
986 155 1089 212 XXVII

80 295 191 365 redigIt.
228 295 286 350 XII.
314 294 396 349 India
414 294 454 350 eis
468 295 568 349 Indum
581 295 689 350 domIta
701 295 801 350 Indum
814 293 918 348 transii
929 294 1089 350 Alexander

80 365 267 435 OmphImque
289 382 385 434 regem
403 382 433 420 se
457 367 486 420 et
509 383 560 420 sua
576 365 735 421 tradentem
750 365 883 420 restituIt.
920 365 991 421 XIII.
1019 366 1087 420 Abi·

80 453 156 490 sares
173 453 204 491 se
218 435 305 503 dedit,
324 436 491 490 Barza‘entes
510 438 539 490 εὴ
553 436 688 498 Samaxus
705 435 794 490 vineti
811 436 841 488 in
859 436 1017 491 custodiam
1030 439 1087 490 tra-

80 507 191 561 duntur.
228 505 382 561 Alexandri
404 507 441 560 ad
458 507 610 575 Hydaspen
633 509 727 561 eastra
750 508 779 561 et
796 506 903 560 bellum
921 523 984 561 eum
1000 507 1085 561 Poro:
1105 513 1157 564 326

81 576 159 631 euius
186 576 275 647 copiis
306 576 386 631 varia
418 578 478 631 arte
506 576 649 631 distractis
675 577 767 646 ripam
795 577 941 631 adversam
969 579 1088 646 occupat

80 647 247 702 Alexander.
282 647 353 701 XIV.
382 647 513 701 Indorum
527 649 557 701 et
570 647 753 702 Macedonum
768 649 883 701 cruenta
895 664 1004 717 pugna:
1022 647 1088 702 Pori

80 718 189 788 captivi
206 717 427 788 magnanimItas
445 719 475 773 et
491 718 645 772 Alexandri
661 717 737 788 regis
756 716 915 772 clementia.

466 884 588 943 LIBER
606 884 702 944 VIHI.

150 997 171 1053 I.
198 998 269 1054 Pcro
293 999 416 1068 devicto,
445 999 482 1053 ad
508 998 634 1068 Hypasin
660 1014 748 1066 usque
774 998 905 1066 penetrat
929 997 1088 1052 Alexander

81 1068 519 1208 {tttllfflflfftaattlsr
533 1067 1088 1208 dtllffaigltllullffllltllalll

82 1210 127 1262 tos
152 1212 182 1263 et
206 1209 340 1264 militiam
362 1210 550 1264 detrectantes
573 1208 699 1264 oratione
721 1209 757 1262 ad
780 1207 1016 1277 perseverantiam
1039 1207 1087 1262 ad·

82 1279 217 1335 hortatur.
262 1281 308 1336 ΠΙ.
346 1279 454 1337 Ooenus
475 1297 526 1351 pro
550 1280 675 1335 exercitu
691 1279 848 1333 Alexandro
871 1279 1033 1347 respondet,
1058 1294 1087 1332 se

82 1352 195 1417 paratos
214 1350 327 1419 quidem
345 1369 406 1407 esse
420 1351 508 1422 sean,
528 1351 578 1406 sed
592 1352 741 1406 exhaustos
756 1365 816 1404 esse
830 1347 969 1403 victoriis:
989 1349 1086 1403 adsen-

82 1419 192 1474 tiuntur
209 1422 296 1477 ceteri
314 1423 397 1477 duces
416 1424 446 1477 et
462 1422 576 1491 milites,
596 1439 713 1490 quorum
729 1419 859 1491 precibus
877 1419 969 1474 rictus
983 1436 1032 1474 rex
1051 1420 1087 1474 ad

82 1489 234 1560 Hydaspen
250 1492 399 1547 revertitur
416 1492 560 1560 classeque
578 1494 677 1561 parata
695 1492 816 1546 seeundo
835 1507 917 1544 amne
931 1490 1085 1545 devehitur.

82 1560 127 1615 IV.
161 1561 243 1616 Circa
265 1562 448 1617 confluentem
465 1563 606 1631 Hydaspis
628 1564 658 1617 et
674 1560 802 1616 Acesinis
821 1560 853 1614 in
871 1561 1000 1615 Siborum
1018 1561 1086 1614 fines

81 1630 211 1698 pervenit
227 1631 346 1700 indeque
365 1633 402 1686 ad
419 1632 520 1686 Mallos
544 1635 574 1686 et
591 1633 735 1686 Sudracas.
774 1631 907 1686 Oratione
926 1631 962 1685 ad
982 1630 1086 1684 milites

82 1700 233 1755 seditiosos
250 1701 350 1755 habita
366 1702 501 1757 barbaros
519 1702 601 1772 fugat
615 1718 764 1770 eorumque
778 1701 913 1770 oppidum
927 1701 1086 1768 contempto

82 1769 276 1839 Demophonte
294 1773 359 1825 vate
378 1771 496 1827 obsidet.
533 1773 566 1827 V.
594 1771 759 1839 Alexander,
778 1771 828 1839 qui
844 1770 994 1840 praecipiti
1013 1771 1087 1824 saltu

83 1855 113 1893 se
131 1838 163 1892 in
179 1840 278 1893 urbem
294 1839 407 1909 plenam
424 1844 594 1896 armatorum
612 1843 687 1896 solus
704 1840 871 1909 immiserat,
890 1841 1014 1910 greater
1026 1840 1087 1895 vul·

82 1910 196 1963 neratus
220 1924 303 1978 aegre
327 1925 433 1969 summo
455 1910 579 1979 periculo
603 1928 620 1965 a
639 1911 695 1966 suis
714 1911 839 1981 eripitur.
875 1911 1009 1980 Magnum
1027 1910 1086 1964 eius

83 1997 117 2033 ex
134 1980 248 2034 vulnere
266 1978 428 2048 pericnlum.
465 1981 511 2035 VI.
542 1981 673 2035 Nondum
691 1982 760 2036 satis
779 1984 874 2037 curato
892 1985 1005 2036 vulnere
1024 1982 1087 2035 bar-

83 2049 158 2104 baris
176 2049 258 2104 illum
275 2049 382 2118 pen'sse
401 2050 577 2105 credentibus
597 2068 626 2106 se
644 2053 781 2107 ostendIt:
800 2051 897 2107 amicis
911 2051 1086 2120 rogantibus,

81 2121 115 2174 ut
132 2120 218 2174 saluti
238 2137 304 2175 suae
322 2120 507 2191 publicaeque
524 2124 662 2190 parceret,
702 2140 815 2178 onerose
832 2123 990 2191 respondet.
1026 2122 1085 2176 Vll.

83 2189 250 2245 Graecorum
263 2192 438 2259 quorrmdam
450 2191 481 2244 in
489 2191 638 2246 Bactriana
652 2140 812 2248 colonorum
821 2193 942 2248 defectio
951 2208 1085 2261 repressa.

81 2259 162 2314 Malli
180 2263 210 2315 et
226 2262 365 2316 Sudracae
390 2279 419 2316 se
443 2263 556 2317 dedunt.
593 2263 726 2317 Horratas
744 2265 861 2318 Macedo
886 2265 914 2317 et
931 2263 1086 2331 Dioxippus

82 2329 260 2385 AthenIensis
281 2331 426 2401 inparibus
453 2332 537 2386 armis
561 2331 697 2402 singulari
720 2333 871 2388 certamine
893 2333 966 2386 inter
989 2349 1018 2386 se
1036 2349 1086 2400 pu·

83 2401 178 2468 gnant.
204 2400 303 2455 Victor
315 2401 471 2471 Dioxippus
484 2403 568 2471 paulo
582 2406 646 2470 post
659 2403 837 2457 inimicorum
851 2402 996 2456 calumniis
1011 2402 1087 2455 ultra

83 2471 196 2524 modum
213 2470 338 2526 irritatus
362 2488 391 2526 se
409 2471 471 2540 ipse
489 2472 634 2526 interimit.
673 2473 745 2526 VHI.
778 2472 866 2525 Donis
885 2487 902 2524 a
921 2471 1023 2539 legatis
1042 2472 1085 2524 In-

84 2540 181 2594 dorum
199 2542 322 2611 acceptis
340 2559 389 2596 rex
407 2543 528 2596 secundo
546 2542 616 2595 Indo
635 2543 671 2595 ad
689 2543 802 2610 gentem
818 2540 955 2594 Pataliam
974 2541 1086 2595 devehi-

82 2611 128 2663 tur
155 2611 268 2665 domitis
292 2611 423 2680 gentibus
446 2612 549 2664 flumen
572 2611 769 2665 accolentibus.
810 2609 964 2664 Ptolemaei
985 2611 1085 2665 vulnus

82 2679 216 2734 mitaculo
235 2683 371 2735 sanatum.
413 2681 458 2734 IX.
490 2681 648 2735 Alexander
666 2680 796 2749 cupidine
818 2680 928 2734 visendi
946 2680 1084 2736 Oceanum
1105 2691 1157 2741 325

84 2752 226 2820 correptus
244 2767 301 2804 non
319 2768 379 2805 sine
396 2751 529 2820 perieulis
546 2764 660 2821 propser
682 2753 775 2805 aestus
798 2749 954 2805 maritimos
972 2753 1001 2806 et
1018 2770 1086 2806 nau-

81 2822 174 2874 tarum
195 2820 358 2889 inperitiam
379 2822 494 2876 tandem
517 2823 577 2876 voti
595 2822 639 2876 sui
657 2838 768 2890 compos
786 2821 920 2876 redditur.
966 2822 999 2877 X.
1031 2823 1086 2878 Ne·

83 2892 166 2943 archo
188 2891 301 2958 relicto,
325 2894 357 2945 ut
380 2909 442 2946 eum
465 2893 554 2947 classe
576 2910 626 2962 per
644 2892 784 2947 Oceanum
805 2893 1002 2960 reverteretur,
1025 2893 1086 2963 ipse

82 2976 131 3013 rex
148 2977 198 3028 per
215 2961 345 3016 Arabitas
364 2964 393 3015 et
412 2961 504 3016 Oritas
528 2966 557 3018 et
578 2963 706 3032 ingentia,
723 2961 871 3016 Cedrosiae
896 2963 1007 3016 deserta
1024 2981 1086 3032 pro·

82 3030 216 3099 greditur,
235 3032 284 3085 ubi
303 3032 440 3087 exercItus
458 3033 612 3088 miserrime
631 3049 693 3086 cum
710 3032 784 3087 fame
803 3034 832 3087 et
849 3033 1012 3101 pestilentia
1029 3035 1086 3089 luc-

82 3102 165 3155 tatur.
198 3100 321 3156 Tandem
348 3103 379 3155 in
398 3103 572 3158 Carmaniam
593 3103 721 3171 pervenit
743 3120 858 3171 eamque
878 3103 1019 3158 luxurioso
1038 3121 1087 3174 ag·

80 3171 155 3226 mine
172 3175 317 3242 peragrat,
336 3173 441 3228 Bacchi
457 3192 508 3244 per
526 3173 634 3228 Indiam
652 3172 823 3243 triumphum
840 3173 961 3229 imitans.

501 3340 619 3398 LIBER
636 3340 672 3399 X.

149 3450 170 3504 l.
203 3450 340 3507 Cleander
361 3451 503 3521 ceterique
520 3452 655 3523 praefecti
674 3452 828 3534 copiarum,
852 3470 924 3521 quae
944 3453 976 3507 in
992 3451 1087 3508 Media

82 3517 196 3576 relictae
214 3521 336 3590 fuerant,
361 3523 497 3577 scelerum
519 3525 549 3577 in
567 3541 601 3578 ea
617 3541 761 3592 provmc1a
779 3522 964 3577 admissorum
981 3539 1088 3592 poenas

82 3590 158 3643 dant.
194 3591 317 3646 Nearchi
334 3594 364 3648 et
377 3592 528 3648 Onesicriti
546 3594 692 3649 adventus.
726 3593 941 3648 Alexandrina
957 3592 1033 3642 nine
1043 3590 1108 3637 tm·
1122 3590 1169 3632 w
