2444 3908
152 144 216 208 146
527 144 559 210 Q.
579 142 689 199 OURTI
706 144 793 199 RUFI

98 301 131 348 21
152 288 301 355 sontibus
315 289 480 352 remittere
495 286 603 352 edixit.
639 285 787 351 Philotas
805 308 923 353 verone
938 308 979 351 an
993 286 1170 354 mendacio
1180 289 1218 354 43

151 376 289 441 liberare
313 398 346 440 se
370 399 390 441 a
413 377 557 441 cruciatu
579 375 732 456 voluerit,
756 397 873 458 anceps
897 375 1083 439 coniectura
1108 379 1172 459 est,

153 465 305 547 quoniam
335 468 368 528 ct
399 485 476 528 vera
503 462 660 529 confessis
690 467 723 526 et
749 462 834 528 falsa
866 463 1049 528 dicentibus
1078 463 1171 528 idem

99 565 132 613 22
152 551 272 616 doloris
295 553 370 616 finis
394 552 660 617 οειθιιιιιιιιι·ι
609 555 660 616 cet
661 572 760 633 erum,
783 549 903 615 ‘Pater'
926 550 1041 634 inquit,
1061 549 1172 617 ‘meus

152 639 338 724 Hegelocho
362 662 460 724 quam
486 639 692 704 familiariter
713 661 791 703 usus
815 639 872 723 sit,
898 660 965 703 non
986 639 1172 722 ignoratis.

151 727 244 792 illum
270 729 341 794 dico
369 727 604 814 Hegelochum,
633 727 687 810 qui
714 727 749 791 in
771 727 839 792 acie
863 726 988 792 cecidit:
963 728 1172 793 tomnium

100 828 134 877 23
153 817 312 881 malorum
330 817 473 882 nobisne
493 814 557 880 fuit
576 836 680 879 causa
725 813 811 878 Nam
830 836 903 879 cum
921 814 1062 897 primum
1075 813 1172 880 Iovis

152 904 257 969 filium
275 926 308 969 se
328 904 463 969 salutari
477 903 573 968 iussit
586 924 651 987 rex,
668 902 702 966 id
718 902 874 1004 indigne
862 903 968 967 ferens
981 901 1048 986 ille,
1067 901 1171 969 hune

153 993 253 1076 igitur
279 1013 389 1077 regem
412 992 653 1076 adgnoscimus,
680 990 799 1074 inquit,
821 990 877 1074 qui
899 952 1089 1142 Philippum
1112 991 1170 1056 de-

154 1081 305 1165 dignatur
326 1082 384 1164 pat
369 1080 476 1144 trem?
499 1083 608 1144 actum
631 1087 680 1144 cst
702 1079 741 1142 de
765 1079 873 1161 nobis,
896 1078 925 1142 si
947 1078 1013 1142 ista
1035 1080 1170 1162 perpeti

153 1189 333 1249 possumus.
355 1167 431 1232 Non
447 1167 596 1232 homines
611 1168 725 1249 solum,
744 1167 799 1231 sed
814 1167 912 1231 etiam
925 1166 1002 1230 deos
1017 1166 1172 1303 despicit,

100 1267 135 1316 24
155 1256 210 1338 qui
233 1259 307 1337 post
293 1256 378 1318 tulat
400 1255 477 1319 deus
501 1254 596 1319 credi.
636 1254 813 1319 Amisimus
832 1253 1158 1336 Alexandrum‚am1

154 1342 254 1407 simus
273 1361 396 1424 regem:
420 1342 623 1407 incidimus
612 1363 647 1405 ιιι
670 1343 862 1425 superbiam,
885 1363 945 1407 nec
964 1341 1023 1426 dis,
1046 1343 1170 1426 quibus

154 1452 188 1495 se
211 1433 376 1513 exaequat,
398 1452 456 1495 neo
478 1430 679 1513 hominibus,
703 1431 818 1513 quibus
842 1451 876 1494 se
899 1430 1021 1514 eximit,
1043 1431 1170 1497 tolera-

100 1532 134 1580 aa
153 1519 259 1584 bilem.
295 1517 459 1583 Nostrone
478 1519 633 1602 sanguine
651 1516 745 1582 deum
761 1519 904 1600 fecimus,
924 1519 978 1601 qui
997 1540 1059 1583 nos
1072 1519 1169 1585 fasti-

154 1606 244 1670 diat?
264 1607 318 1690 qui
334 1610 485 1691 gravetur
500 1607 687 1671 mortalium
702 1607 791 1670 adire
805 1606 999 1671 concilium?
1032 1604 1168 1673 Credite

102 1707 135 1755 26
155 1695 235 1757 mihi
260 1699 293 1758 et
314 1717 383 1776 nos,
407 1695 435 1759 si
460 1694 522 1759 viri
545 1716 665 1777 sumus,
688 1716 707 1757 a
730 1694 779 1759 dis
802 1694 1038 1777 adoptahimur.
1084 1694 1168 1771 Quis

153 1804 310 1865 proavum
337 1783 432 1848 huius
459 1781 667 1861 Archelaum,
695 1782 767 1866 quis
795 1782 908 1847 deinde
931 1781 1168 1868 Alexandrum,

155 1871 226 1955 quis
249 1870 435 1936 Perdiccam
462 1871 585 1936 occisos
613 1871 701 1934 ultus
729 1870 798 1935 cst?
826 1871 879 1935 hio
908 1871 1037 1954 quidem
1064 1871 1168 1940 inter-

102 1970 134 2020 27
155 1959 331 2024 lectoribus
349 1960 451 2043 patris
465 1957 612 2043 ignovit'.
644 1958 733 2023 Haeo
746 1958 951 2042 Hegelochus
966 1959 1048 2023 dixit
1066 1980 1168 2044 super

155 2068 280 2112 cenam·
313 2051 346 2111 et
372 2051 502 2131 postero
531 2047 581 2111 die
608 2047 714 2130 prima
742 2048 812 2112 luce
839 2069 859 2110 a
885 2049 978 2128 patre
1006 2067 1168 2114 accersor.

154 2135 252 2198 Trist
227 2138 270 2197 t1s
290 2138 360 2198 erat
379 2138 411 2198 et
428 2154 480 2197 me
498 2138 656 2197 maestum
671 2134 810 2199 videbat
837 2133 1051 2199 Audieramus
1066 2136 1168 2219 enim,

102 2233 135 2282 28
155 2243 236 2304 quae
255 2221 507 2285 sollicitudinem
526 2221 714 2286 incuterent.
749 2221 863 2305 Itaque
882 2226 919 2285 ut
936 2223 1168 2309 experiremur,

154 2312 303 2371 utrumne
326 2309 400 2372 vino
424 2313 578 2394 gravatus
602 2308 768 2372 effudisset
789 2310 862 2391 illa,
885 2331 927 2373 an
950 2310 1007 2374 alt
982 2315 1066 2375 trore
1091 2334 1168 2378 con-

155 2399 248 2478 cepta
271 2396 419 2480 consilio,
447 2396 568 2461 accersi
595 2417 667 2459 eum
689 2397 820 2479 placuit
864 2395 965 2462 Venit
950 2399 1168 2484 teodemque

155 2507 301 2550 sermone
314 2486 400 2551 ultro
418 2484 557 2568 repetito
575 2484 701 2567 adiecit,
719 2507 762 2567 se,
781 2486 848 2549 sive
862 2485 1051 2552 auderemus
1065 2487 1167 2554 duces

155 2594 238 2657 esse,
261 2575 426 2656 proximas
450 2596 469 2638 a
491 2573 586 2638 nohis
608 2576 718 2655 partes
742 2573 992 2651 vindicaturum,
1018 2575 1087 2639 sive
1111 2576 1167 2642 de·

102 2673 136 2722 29
156 2664 242 2726 esset
268 2662 408 2745 animus,
435 2662 604 2726 consilium
627 2661 756 2725 silentio
781 2682 850 2726 esse
872 2665 1041 2727 tectorum.
1085 2662 1166 2729 Par·

154 2749 295 2812 menioni
316 2752 389 2814 vivo
413 2749 517 2813 adhuc
535 2749 641 2815 Dareo
660 2749 890 2832 intempestiva
907 2771 958 2815 res
977 2750 1166 2816 videbatur:

153 2857 220 2899 non
243 2836 329 2901 enim
352 2837 429 2919 sibi,
459 2836 515 2900 sed
538 2836 626 2900 hosti
653 2857 722 2901 esse
749 2837 910 2902 occisuros
933 2837 1168 2919 Alexandrum,

154 2922 261 2987 Dareo
288 2945 364 2988 vero
393 2924 522 2988 sublato
549 2924 726 3007 praemium
753 2925 840 3009 regis
867 2925 965 2990 occisi
988 2925 1103 2992 Asiam
1131 2931 1167 2994 et

154 3014 259 3076 totum
282 3011 447 3077 Orientem
472 3011 733 3077 interfectoribus
762 3035 830 3078 csse
858 3035 994 3079 cessura
1035 3014 1166 3098 Adpro-

155 3100 294 3182 batoque
318 3100 452 3166 consilio
477 3102 512 3166 in
534 3101 614 3165 haec
635 3100 714 3165 fides
738 3105 771 3164 et
793 3101 870 3166 data
893 3105 998 3167 estet
1021 3106 1166 3186 accepta

102 3201 136 3250 ³0
156 3187 248 3264 Quod
277 3187 317 3252 ad
344 3186 509 3272 Dymnum
536 3189 688 3272 pertinet,
719 3189 801 3254 nihil
829 3191 895 3255 scio
924 3194 956 3254 ct
982 3190 1063 3256 hacc
1089 3212 1167 3256 con·

153 3277 325 3341 fessusin
324 3277 446 3360 tellcgo
473 3300 539 3342 non
563 3238 715 3360 prodesse
743 3278 838 3361 mihi,
870 3279 956 3362 quod
982 3280 1166 3363 praesentis

102 3379 133 3428 ιιι
156 3365 286 3431 sceleris
300 3387 427 3468 expers
459 3389 539 3432 sum.
588 3364 642 3430 Illi
673 3388 784 3431 rursus
816 3367 986 3432 tormentis
943 3366 1167 3454 admtotis,

155 3476 227 3519 cum
245 3453 309 3537 ipsi
333 3475 459 3540 quoque
477 3453 562 3519 hast
537 3457 580 3519 trs
596 3476 632 3520 os
652 3455 870 3539 oculosque
843 3475 911 3526 erus
931 3455 1168 3541 everberarent,

101 3553 135 3602 32
155 3564 352 3629 expressere,
378 3548 415 3609 ut
441 3544 503 3609 hoc
531 3563 658 3630 quoque
681 3544 801 3609 crimen
825 3543 993 3608 confiteret
978 3545 1041 3608 t.ur
1085 3541 1168 3609 Exi-
