2444 3908
335 119 589 176 HISTORIARUM
606 120 821 176 ALEXANDRI
838 121 885 192 VI,
904 126 928 175 8.
1073 122 1137 186 135

131 265 178 329 At
196 284 271 349 ego,
294 265 421 329 etiamsi
444 265 513 349 ipse
536 265 588 329 vel
609 265 809 347 paenitentia
831 266 883 329 vel
906 264 1061 329 beneficio
1082 269 1139 330 tuo
1160 285 1175 334 τ

132 353 235 417 victus
256 353 418 437 quiescere
435 353 536 435 volet,
554 355 679 434 patrem
697 354 765 416 eius
778 351 1038 437 Parmenionem,
1055 353 1138 417 tant'

130 441 243 504 ducem
258 440 414 505 exercitus
429 444 462 505 et
480 440 660 505 inveterata
675 441 760 523 apud
779 441 898 505 milites
913 462 989 505 suos
1004 441 1142 505 auctori·

132 531 200 593 tate
227 528 314 592 haud
339 529 478 592 multum
506 527 591 592 infra
618 528 850 612 magnitudinis
873 532 949 593 tuae
971 527 1141 613 fastigium

131 616 288 699 positum,
313 617 379 681 seio
401 638 466 681 non
489 636 591 699 aequo
611 616 717 680 animo
738 617 876 680 salutem
899 617 959 679 filii
982 617 1031 680 sui
1056 617 1142 680 debi-

131 709 242 769 turum
259 704 329 768 tibi.
361 703 525 779 Quaedam
545 703 699 770 beneficia
718 703 853 768 odimus.
884 703 1040 768 Meruisse
1058 724 1176 772 mor-8

133 797 200 856 tem
220 791 366 856 confiteri
385 792 496 875 pudet:
519 795 679 874 superest,
702 795 739 857 ut
757 792 852 857 malit
870 791 971 856 videri
988 791 1141 855 iniuriam

135 880 310 964 accepisse,
334 902 429 964 quam
448 880 557 944 vitam.
591 879 730 944 Proinde
749 881 829 944 scito
848 879 911 944 tibi
929 879 1083 944 cumillis
1103 878 1142 942 de

134 969 237 1033 salute
267 989 336 1034 esse
365 967 583 1052 pugnandum.
633 966 719 1032 Satis
747 968 889 1032 hostium
914 970 1073 1051 superest,
1101 967 1176 1035 ada

134 1079 213 1141 quos
244 1055 481 1140 persequendos
514 1055 592 1119 ituri
623 1077 746 1120 sumus:
787 1057 872 1121 latus
905 1077 925 1120 a
956 1054 1142 1119 domesticis

79 1135 125 1200 30
133 1144 282 1208 hostibus
310 1143 409 1210 muni
453 1141 523 1207 Hos
556 1143 585 1208 si
617 1165 812 1225 summoves,
844 1143 924 1207 nihil
959 1147 1067 1208 metuo
1100 1143 1141 1206 ab

135 1230 285 1296 externo?
321 1231 411 1297 Haec
429 1229 592 1296 Craterus.
628 1229 697 1296 Nec
716 1232 814 1296 ceteri
835 1231 1041 1314 dubitabant,
1065 1231 1143 1314 quin
1163 1251 1196 1299 rc

135 1319 364 1384 coniurationis
396 1319 551 1384 indicium
583 1340 811 1402 suppressurus
838 1340 905 1383 non
934 1319 1051 1383 fuisset
1078 1320 1143 1383 nisi

135 1412 247 1472 auctor
261 1411 318 1472 aut
330 1408 501 1491 particeps.
532 1407 634 1483 Quem
649 1409 733 1472 enim
747 1408 837 1491 pium
850 1410 882 1470 et
896 1408 1000 1472 bonae
1015 1408 1143 1490 mentis,

134 1517 199 1560 non
218 1496 357 1560 amicum
380 1495 488 1580 modo,
511 1495 566 1560 sed
585 1516 625 1559 ex
643 1496 758 1560 ultima
776 1496 884 1578 plebe,
907 1495 1039 1579 auditis,
1062 1517 1143 1578 quae

134 1584 174 1648 ad
203 1605 277 1647 eum
303 1584 412 1648 delata
440 1587 543 1666 erant,
572 1605 638 1648 non
665 1584 810 1666 protinus
839 1583 879 1648 ad
906 1604 1016 1669 regem
1043 1583 1143 1647 fuisse

134 1672 323 1735 cursurum?
345 1692 385 1734 ne
405 1668 552 1735 Cebalini
574 1670 703 1753 quidem
727 1671 889 1753 exemplo,
913 1672 968 1754 qui
986 1693 1025 1734 ex
1043 1670 1143 1734 fratre
1164 1690 1195 1736 11

134 1762 288 1840 conperta
301 1759 364 1841 ipsi
376 1758 567 1840 nuntiasset,
580 1756 802 1822 Parmenionis
816 1758 928 1841 filium,
944 1758 1143 1842 praefectum

135 1846 308 1928 equitatus,
322 1844 465 1908 omnium
479 1865 669 1908 arcanorum
683 1846 769 1928 regis
784 1846 956 1909 arbitruml
976 1846 1144 1909 simulasse

134 1933 246 2015 etiam,
264 1953 331 1997 non
344 1952 476 1996 vacasse
494 1931 636 1996 sermoni
654 1952 712 1996 suo
726 1951 849 2016 regem,
867 1953 908 1995 ne
926 1933 1022 1996 index
1041 1933 1142 1995 alium

135 2020 368 2086 internuntium
388 2023 561 2103 quaereret
597 2018 830 2084 Nicomachum
844 2019 1001 2103 religione
1016 2040 1143 2103 quoque
1164 2038 1196 2086 12

133 2109 230 2174 deum
263 2107 453 2173 adstrictum
486 2107 715 2172 conscientiam
747 2129 839 2173 suam
868 2128 1040 2172 exonerare
1072 2128 1144 2189 pro·

134 2218 279 2280 perasse:
315 2194 478 2260 Philotam
511 2197 703 2279 consumpto
738 2218 797 2279 per
829 2196 940 2260 ludum
975 2195 1144 2278 iocumque

134 2305 238 2368 paene
259 2288 330 2349 toto
354 2284 405 2351 die
428 2286 597 2369 gravatum
616 2306 686 2350 esse
708 2306 811 2368 pauca
829 2285 928 2349 verba
949 2283 1143 2367 pertinentia

135 2372 177 2436 od
200 2375 297 2455 caput
318 2372 404 2456 regis
429 2376 498 2437 tam
524 2373 623 2456 longo
647 2376 679 2437 et
705 2373 843 2437 forsitan
872 2393 1069 2454 supervacuo
1097 2372 1144 2436 in·

135 2480 243 2524 serere
265 2460 414 2524 sermoni.
459 2459 506 2524 At
529 2461 614 2523 enim
642 2481 676 2523 se
702 2481 768 2524 non
791 2459 961 2523 credidisse
988 2460 1069 2523 talia
1092 2459 1143 2522 de·
1165 2478 1196 2527 1³

135 2547 313 2611 ferentibus
331 2546 454 2630 pueris!
487 2544 552 2611 (lur
571 2547 672 2630 igitur
691 2546 884 2610 extraxisset
902 2544 1043 2629 biduum,
1062 2549 1143 2609 tam-

133 2656 234 2720 quam
252 2634 370 2700 indicio
388 2634 524 2698 haberet
541 2632 657 2697 fidem?
684 2633 911 2697 dimittendum
928 2633 1028 2697 fuisse
1043 2632 1144 2699 (leba-

135 2723 251 2805 linum,
275 2723 303 2787 si
326 2721 521 2786 delationem
540 2721 608 2784 eius
628 2720 811 2785 damnabat
848 2720 885 2785 In
905 2742 962 2785 suo
987 2742 1144 2805 quemque
1165 2741 1197 2789 14

134 2811 278 2893 periculo
297 2829 452 2894 magnum
471 2809 612 2873 animum
631 2808 761 2886 habere,
783 2830 854 2873 cum
874 2809 912 2873 de
934 2810 1038 2873 salute
1058 2812 1144 2893 regis

135 2898 314 2980 timeretur,
330 2897 474 2961 credulos
490 2918 559 2960 esse
577 2896 701 2979 debere,
721 2918 802 2960 vana
821 2919 946 2980 quoque
965 2898 1144 2962 deferentes

137 2984 316 3049 admittere.
350 2983 469 3049 Omnes
487 2984 588 3068 igitur
611 2985 831 3067 quaestionem
855 2985 893 3048 de
912 3007 964 3068 eo,
987 2990 1024 3048 ut
1045 2985 1144 3068 parti·
1165 3004 1197 3051 15

136 3072 223 3154 cipes
249 3072 379 3136 sceleris
407 3071 549 3136 indicare
577 3076 759 3155 cogeretur,
785 3072 968 3137 habendam
996 3095 1066 3137 esse
1095 3074 1145 3136 de-

80 3171 124 3235 31
136 3163 279 3225 cernunt.
323 3159 394 3224 Rex
421 3160 617 3243 admonitos,
649 3164 686 3223 ut
713 3160 882 3224 eonsilium
911 3161 1038 3224 silentio
1073 3182 1144 3242 pre-

135 3254 271 3333 merent,
296 3247 439 3313 dimittit.
480 3246 688 3312 Pronuntiari
712 3248 824 3311 deinde
846 3250 907 3311 iter
925 3249 958 3310 in
982 3252 1145 3330 posterum

135 3335 237 3421 iubet,
264 3358 306 3402 ne
334 3358 397 3420 qua
424 3336 501 3400 novi
528 3336 600 3399 initi
624 3336 752 3399 consilii
776 3337 904 3399 daretur
927 3340 1014 3399 nota.
1060 3335 1198 3401 Invi-16

135 3425 223 3489 tatus
246 3428 296 3489 est
319 3425 418 3489 etiam
436 3422 582 3487 Philotas
603 3424 642 3487 ad
661 3425 792 3488 ultimas
816 3425 879 3506 ipsi
905 3424 1015 3505 epulas
1035 3426 1067 3485 et
1089 3444 1144 3485 rex

134 3533 200 3576 non
218 3533 352 3578 coenare
370 3513 475 3595 modo,
494 3513 551 3576 sed
569 3513 667 3575 etiam
686 3512 889 3576 familiariter
905 3507 1055 3593 conloqui
1073 3531 1144 3573 eum
