2444 3908
239 127 493 184 HISTORIARUM
510 129 728 184 ALEXANDRI
746 129 806 198 VII,
828 136 868 186 10.
890 137 931 186 11.
1023 130 1084 195 181

82 272 250 337 obtinebat
273 273 437 337 alimentis
461 275 535 338 ante
556 273 726 358 congestis,
750 296 831 358 quae
849 277 960 340 tantae
978 275 1086 339 multi-

81 360 186 425 tudini
204 361 255 425 vel
274 382 332 443 per
351 361 517 425 biennium
541 364 756 444 suppeterent.
800 361 898 426 Petra
920 363 955 426 in
978 363 1122 427 altitu-2

82 449 189 513 dinem
207 467 281 513 xxx
301 449 420 514 eminet
440 449 555 532 stadia,
573 450 709 514 circuitu
728 466 748 515 0
767 454 800 514 et
817 468 839 514 0
859 452 1086 535 conplectitur:

80 536 221 621 undique
245 538 372 601 abscisa
395 541 428 602 et
450 538 588 621 abrupta
616 539 731 602 semita
753 544 949 622 perangusta
972 539 1087 605 aditur.

80 625 119 689 ln
149 625 255 689 medio
284 625 466 690 altitudinis
496 625 602 709 spatio
630 625 729 689 habet
757 647 901 709 specum,
932 628 1021 692 cuius
1050 633 1121 693 os'3

82 716 188 777 artum
207 718 240 777 00
259 714 430 779 obscurum
448 718 506 798 est,
528 714 687 797 paulatim
706 713 820 777 deinde
837 714 993 778 ulteriora
1009 739 1087 798 pan-

82 802 215 881 duntur,
240 800 357 866 ultima
384 803 482 867 etiam
511 802 594 867 altos
622 815 765 866 recessus
793 802 922 866 habent.
967 800 1086 868 Fontes

81 911 139 972 per
170 893 275 954 totum
306 890 374 954 fere
406 911 535 973 specum
566 893 717 973 manant,
750 911 767 954 e
800 891 917 974 quibus
949 891 1087 956 00110000

82 998 182 1059 aquae
209 999 267 1060 per
293 999 396 1062 prona
423 978 543 1042 montis
571 978 689 1042 flumen
717 979 879 1042 emittunt.
927 977 997 1042 Rex
1024 979 1123 1043 lucil

82 1064 273 1129 difficultate
289 1068 435 1148 spectata
453 1068 613 1130 statuerat
630 1065 705 1129 indo
723 1066 821 1148 abire,
840 1067 955 1149 cupido
975 1066 1087 1130 deinde

81 1153 213 1217 incessit
232 1153 338 1217 animo
356 1156 506 1217 naturam
525 1174 651 1237 quoque
665 1154 832 1239 fatigandi.
867 1154 963 1218 Prius
977 1158 1087 1218 tamen
1106 1164 1122 1213 5

82 1261 178 1323 quam
192 1241 356 1305 fortunam
371 1241 548 1305 obsidionis
563 1242 769 1325 experiretur,
788 1240 922 1327 Cophen
938 1278 975 1288 -
993 1243 1087 1306 Arta·

82 1328 155 1392 bazi
173 1328 225 1394 hic
243 1329 328 1394 filius
348 1333 418 1394 erat
438 1365 477 1376 -
497 1329 586 1393 misit
605 1330 645 1394 ad
663 1330 833 1413 barbaros,
855 1331 911 1414 qui
929 1332 1087 1414 suaderet,

81 1421 119 1481 ut
151 1416 301 1481 dederent
331 1439 453 1501 rupem.
507 1417 675 1482 Arimazes
708 1418 779 1483 1000
815 1419 916 1483 fretus
950 1420 1088 1501 superbe

81 1505 186 1569 multa
214 1506 393 1588 respondit,
423 1506 465 1569 ad
495 1507 660 1589 ultimum,
693 1529 734 1570 an
764 1505 948 1571 Alexander
978 1508 1087 1571 volare

81 1596 204 1676 posset,
227 1594 415 1677 interrogat.
462 1593 550 1669 Quae
572 1595 723 1658 nuntiata
744 1595 815 1676 regi
843 1595 889 1658 010
917 1595 1122 1658 accenderes

82 1681 234 1761 animum,
257 1685 293 1744 ut
316 1680 481 1764 adhibitis,
503 1703 575 1746 cunr
599 1682 716 1765 quibus
739 1682 921 1745 consultare
945 1687 1015 1745 erat
1037 1703 1087 1747 00-

83 1768 179 1850 11000,
210 1767 369 1833 indicaret
401 1769 607 1833 insolentiam
638 1768 769 1833 barbari
801 1768 959 1832 eludentis
990 1770 1088 1851 ipsos,

83 1855 159 1938 quia
186 1855 302 1936 pinnas
328 1876 395 1919 000
421 1856 591 1920 haberent:
624 1877 658 1920 se
686 1859 793 1920 autem
820 1855 968 1940 proxima
994 1860 1088 1920 nocte

84 1943 282 2026 effecturum,
300 1946 337 2007 ut
356 1944 500 2007 crederet
513 1943 703 2008 Macedones
723 1943 820 2007 etiam
837 1943 956 2007 volare.
993 1941 1087 2026 ‘ccc',
1107 1955 1122 2003 v

82 2031 203 2116 inquit,
231 2029 482 2114 ‘pernicissimos
509 2032 641 2096 iuvenes
669 2053 707 2097 ex
735 2031 800 2095 suis
829 2031 962 2115 quisque
986 2031 1087 2113 copiis

81 2119 247 2204 perducite
271 2121 312 2185 ad
330 2142 394 2199 me,
418 2121 473 2205 qui
496 2142 553 2204 per
575 2119 673 2184 calles
693 2123 726 2183 et
748 2141 849 2202 paene
867 2119 972 2184 invias
991 2141 1087 2203 rupes

83 2208 170 2273 domi
197 2230 314 2292 pecora
342 2229 437 2294 agere
461 2206 711 2274 consueverant'
752 2208 806 2272 Illi
828 2211 1031 2292 praestantes
1055 2211 1123 2271 008

81 2296 215 2362 levitate
238 2319 407 2380 corporum
430 2301 463 2361 et
487 2298 599 2362 ardore
624 2298 804 2361 animorum
831 2300 962 2360 strenue
992 2295 1088 2360 addu-

83 2388 168 2448 cunt.
214 2383 300 2460 Quos
324 2387 454 2449 intuens
478 2407 547 2467 rex,
572 2384 782 2466 ‘Vobiscum',
804 2385 924 2466 inquit,
947 2383 978 2447 ‘o
1002 2385 1088 2448 iuve-

82 2493 139 2536 nes
163 2476 197 2536 et
219 2472 282 2535 mei
301 2473 464 2555 aequales,
487 2473 615 2537 urbium
637 2473 833 2536 invictarum
852 2480 927 2534 0000
950 2492 1001 2533 me
1020 2493 1088 2534 mu-

83 2561 227 2623 nimenta
250 2559 412 2642 superavi,
440 2559 600 2623 montium
623 2558 700 2642 iuga
722 2559 854 2641 perenni
876 2558 949 2621 nive
973 2557 1089 2621 obruta

84 2669 231 2712 emensus
256 2669 343 2727 sum,
372 2647 539 2730 angustias
562 2645 695 2710 Ciliciae
723 2646 856 2728 intravi,
882 2643 995 2708 Indiae
1019 2646 1088 2709 sine

82 2735 273 2800 lassitudine
295 2735 362 2797 vim
384 2732 516 2818 frigoris
540 2756 611 2797 sum
629 2755 807 2818 perpessus.
848 2732 893 2796 Et
911 2733 975 2796 mei
993 2733 1087 2798 docu·
1106 2747 1122 2794 0

83 2826 192 2887 menta
209 2822 301 2887 vobis
326 2821 398 2886 dedi
422 2828 455 2886 et
478 2826 586 2886 vestra
605 2822 716 2887 habeo.
758 2821 866 2904 Petra,
891 2843 987 2905 quam
1005 2822 1089 2885 vide·

83 2912 137 2993 tis,
158 2932 254 2973 unum
273 2909 394 2974 aditum
413 2909 520 2993 habet,
539 2931 634 2994 quem
652 2910 782 2975 barbari
802 2910 964 2974 obsident:
984 2915 1089 2973 cetera

83 2998 269 3082 neglegunt,
286 2998 394 3062 nullae
412 2999 544 3083 vigiliae
563 3002 652 3081 sunt,
669 2999 734 3062 nisi
753 3020 833 3081 quae
852 3002 959 3061 eastra
977 3002 1088 3061 nostra

84 3089 239 3170 spectant.
284 3085 458 3152 Invenietis
481 3087 581 3169 viam,
607 3087 635 3150 si
658 3087 771 3149 0011000
757 3091 805 3149 000
829 3087 939 3149 rimati
961 3086 1087 3149 fueritis
1110 3098 1141 3144 10

84 3175 151 3238 adit
137 3179 190 3239 tus
217 3174 320 3238 ferent
306 3179 355 3239 tes
385 3175 424 3238 ad
452 3196 612 3238 cacumen.
662 3174 794 3239 Nihilt
781 3179 849 3238 tam
880 3175 945 3237 alte
973 3178 1089 3236 natura

83 3263 264 3345 0000010010,
297 3284 359 3346 quo
386 3263 489 3326 virtus
517 3285 582 3325 000
607 3262 712 3346 possit
739 3263 826 3325 eniti.
876 3262 1089 3344 ExperiendO,

84 3372 165 3432 quae
183 3355 232 3416 cet
230 3352 280 3414 eri
299 3351 549 3435 desperaverint,
526 3350 681 3414 tAsiam
699 3351 879 3414 habemus'
871 3373 905 3412 1n
919 3352 1079 3430 potestae
1029 3352 1088 3410 aet

82 3437 201 3503 Evadit
188 3443 219 3504 te
237 3439 271 3502 in
290 3461 453 3517 cacumen:
473 3401 557 3522 quod
577 3460 648 3502 cnm
668 3441 788 3522 ceperit
790 3440 826 3520 is,
774 3437 988 3502 tcandidis
1008 3435 1087 3499 velis
1110 3447 1141 3496 11

83 3527 211 3610 signum
240 3527 320 3591 mihi
349 3527 480 3611 dabitis,
514 3547 574 3612 ego
602 3526 704 3609 copiis
734 3525 871 3589 admotis
899 3524 1027 3587 hostem
1055 3525 1089 3588 in
