2444 3908
275 126 529 212 nvsronmrunr
547 129 762 184 ιιιιιιιιιιιιιι
780 99 832 199 iv,
853 135 894 184 14.
1047 129 1086 193 ιι

80 293 153 334 rum
183 270 245 334 fuit
274 272 427 355 partium,
464 273 649 354 exercitum,
685 294 780 357 quem
810 294 911 356 paene
943 275 1090 338 inmensa

80 358 231 442 planities
249 359 303 422 ιιι
321 362 455 442 caperet,
478 361 664 441 conparavi:
688 381 794 443 equos,
818 383 907 424 arma
926 361 1087 425 distribui:

82 449 279 512 commeatus
315 467 356 510 ne
387 450 497 510 tantae
528 447 726 511 multitudini
757 448 916 530 deessent,
951 449 1088 531 providi:

81 534 232 618 locum,
222 555 258 597 ιιι
280 555 343 617 quo
366 534 450 598 acies
473 534 624 617 explicari
644 537 767 618 posset,
791 535 880 618 elegi.
919 533 1063 600 Cetera
1054 558 1088 599 m
1108 559 1140 606 13

82 626 188 686 vestra
210 624 369 703 potestate
392 625 482 686 sunt:
505 623 618 686 audete
641 622 784 686 modo
754 643 880 705 vmcere
897 621 1088 706 famamque,

82 708 334 772 infirmissimum
357 710 507 773 adversus
529 710 629 774 fortes
651 711 737 774 viros
754 695 864 792 telum,
886 713 1087 774 contemnite.

33 793 258 860 caramentes
281 800 339 879 est,
360 819 457 880 quam
480 797 583 861 adhuc
605 819 664 879 pro
682 797 799 860 virtute
817 796 984 860 timuistis:
1007 819 1088 881 quae

82 883 139 947 ubi
159 884 299 966 primum
320 885 475 968 impetum
498 885 621 968 effudit,
648 884 735 948 velut
757 884 914 967 quaedam
935 885 1088 959 animalia

82 971 199 1037 emisso
231 972 354 1055 aculeo,
388 975 504 1054 torpet.
548 971 592 1036 Hi
621 993 696 1035 vero
724 971 828 1054 campi
855 971 1088 1053 deprehendere
1108 995 1141 1043 14

83 1059 289 1143 paucitatem,
317 1081 414 1142 quam
436 1058 565 1124 Ciliciae
592 1063 718 1123 montes
746 1058 988 1123 absconderant.
1032 1059 1089 1123 Vi·

84 1145 165 1209 detis
198 1147 323 1210 ordines
355 1168 457 1227 raros,
493 1168 612 1216 cornua
644 1148 785 1228 extenta,
820 1146 958 1209 mediam
988 1147 1088 1210 aciem

84 1254 212 1315 vanam,
236 1234 437 1298 exhaustam:
469 1255 545 1297 nam
567 1235 686 1317 ultimi,
710 1254 789 1316 quos
812 1234 930 1297 locavit
952 1256 1088 1318 aversos,

82 1323 175 1404 terga
195 1321 261 1385 iam
282 1323 444 1404 praebent.
490 1322 615 1404 Obteri,
637 1322 831 1403 mehercule,
854 1342 1008 1405 equorum
1031 1344 1088 1384 un·

83 1408 165 1491 gulis
201 1413 349 1492 possunt,
385 1409 509 1473 etiamsi
540 1410 621 1473 nihil
651 1411 778 1492 praeter
807 1409 943 1472 falcatos
980 1431 1088 1473 currus
1143 1408 1146 1415 ’

82 1496 226 1561 emisere.
270 1496 315 1561 Et
336 1497 420 1560 bello
443 1497 625 1580 vicerimus,
649 1497 677 1560 si
698 1495 831 1560 vicimus
853 1496 990 1579 proelio:
1013 1518 1088 1561 nam
1109 1516 1141 1567 ru

82 1605 123 1646 ne
150 1584 214 1648 illis
242 1585 370 1667 quidem
393 1584 567 1669 adingam
589 1586 677 1648 locus
701 1587 763 1647 est:
799 1584 875 1647 hino
897 1583 1089 1667 Euphrates,

82 1671 171 1734 illinc
203 1671 309 1754 Tigris
340 1672 490 1754 prohibet
521 1672 670 1736 inclusos.
725 1669 770 1734 Et
801 1693 881 1753 quae
909 1676 1004 1735 antea
1030 1694 1088 1755 pro
1109 1693 1140 1741 ιι

86 1757 151 1819 illis
174 1760 274 1837 erant,
296 1757 331 1819 in
353 1760 545 1821 contrarium
563 1780 656 1823 versa
674 1761 759 1822 sunt.
795 1756 953 1822 Nostrum
971 1759 1088 1822 mobile

84 1847 116 1906 ιι
121 1843 328 1994 ἡιιιριιιιιιιιιι
355 1863 471 1925 agmen
497 1848 558 1925 est,
588 1845 669 1907 illud
694 1844 813 1926 praeda
840 1865 945 1928 grave.
989 1845 1088 1928 Inpli-

83 1933 136 1995 cat
137 1952 173 1994 os
201 1949 277 2013 ergo
305 1930 415 2012 spoliis
437 1932 556 1995 nostris
578 1931 822 2012 trucidabimus,
845 1931 1015 2013 eademque
1038 1953 1088 1995 res

84 2022 117 2081 ιι
134 2039 231 2083 causa
251 2017 312 2081 erit
329 2017 479 2082 victoriae
498 2022 531 2082 et
546 2018 678 2082 fructus
711 2017 831 2093 Quodsi
850 2038 944 2100 quem
962 2038 979 2080 ι
997 2018 1089 2082 vobis
1110 2040 1140 2088 ιι

83 2127 202 2170 nomen
229 2106 334 2188 gentis
364 2109 486 2186 movet,
518 2105 650 2189 cogitet,
623 2104 890 2169 tMacedonum
912 2105 978 2168 illic
1001 2127 1090 2169 arma

83 2214 169 2277 esse,
190 2215 258 2258 non
280 2214 422 2276 corpora.
470 2154 609 2257 llultum
632 2195 718 2257 enim
741 2193 931 2278 sanguinem
952 2193 1089 2256 invicem

82 2244 310 2364 hausimus,e
293 2283 326 2344 et
351 2301 475 2362 semper
498 2281 625 2364 gravior
646 2282 681 2345 in
703 2281 863 2363 paucitate
886 2281 1009 2344 iactura
1032 2284 1089 2344 est.

83 2367 168 2433 Nam
199 2367 396 2450 Alexander,
432 2372 705 2453 quantuscumque
739 2369 863 2468 ignavis
901 2371 933 2430 et
968 2368 1089 2432 timidis
1109 2389 1142 2437 ιι

47 2475 50 2481 ’
83 2457 183 2521 videri
209 2458 328 2539 potest,
357 2477 457 2518 unum
480 2456 599 2518 animal
621 2459 736 2538 estet,
765 2455 796 2517 si
819 2455 896 2537 quid
922 2455 1002 2517 mihi
1024 2475 1089 2517 cre·

82 2544 167 2628 ditis,
189 2544 394 2607 temerarium
412 2545 445 2605 et
462 2563 581 2618 vecors,
598 2542 700 2605 adhuc
717 2505 828 2605 riostro
835 2562 972 2691 tpavore,
993 2562 1089 2624 quam

84 2654 142 2696 sua
170 2631 287 2694 virtute
314 2630 446 2693 felicius
491 2591 582 2692 Nihil
609 2632 716 2691 autem
742 2632 849 2711 potest
877 2649 945 2692 esse
969 2628 1088 2692 diut-ur
1110 2652 1141 2698 ιι

83 2741 174 2801 num,
207 2718 258 2782 cui
283 2738 350 2781 non
378 2717 488 2780 subest
513 2717 605 2780 ratio.
649 2714 738 2779 Licet
724 2716 900 2780 tfelicitas
928 2716 1089 2799 adspirare

83 2807 242 2887 videatur,
277 2807 387 2867 tamen
419 2804 459 2867 ad
490 2804 637 2867 ultimum
667 2805 840 2867 temeritati
871 2825 936 2867 non
964 2804 1088 2868 sufficit.

84 2891 254 2955 Praeterea
284 2892 396 2955 breves
430 2895 462 2955 et
493 2891 662 2955 mutabiles
691 2892 775 2954 vices
802 2913 908 2954 rerum
937 2896 1025 2976 sunt,
1057 2896 1090 2955 et

85 2980 215 3042 fortuna
244 3000 420 3061 numquam
447 2979 632 3062 simpliciter
662 2979 816 3062 indulget.
867 2977 1016 3042 Forsitan
1043 2981 1089 3043 ita
1109 3002 1141 3049 ιο

85 3067 130 3130 dii
158 3066 226 3130 fata
256 3066 484 3148 ordinaverint,
522 3070 559 3129 ut
592 3066 760 3130 Persarum
790 3066 971 3149 imperium,
1004 3068 1089 3149 quod

85 3155 224 3219 secundo
248 3175 343 3217 cursu
365 3175 423 3237 per
443 3171 554 3218 ccxxx
568 3176 669 3216 annos
689 3155 729 3218 ad
748 3176 908 3217 summum
923 3155 1089 3237 fastigium

85 3246 266 3325 evexerant,
295 3261 413 3325 magno
441 3244 531 3305 motu
558 3244 763 3304 concuterent
789 3242 893 3325 magis
917 3264 1011 3323 quam
1036 3244 1088 3304 ad-

85 3329 232 3413 fligerent
254 3329 523 3411 admonerentque
542 3350 601 3392 nos
615 3329 798 3412 fragilitatis
812 3330 981 3410 humanae,
1000 3331 1088 3392 cuius

85 3417 183 3480 nimia
213 3418 248 3480 in
278 3417 440 3501 prosperis
470 3416 564 3479 rebus
592 3416 709 3481 oblivio
737 3420 794 3480 est.
839 3416 935 3479 Modo
960 3416 1088 3480 Graecis
1107 3438 1140 3489 21
1193 3476 1197 3479 .

84 3504 168 3568 ultro
185 3504 305 3568 bellum
323 3504 553 3568 inferebamus:
576 3525 661 3567 nunc
680 3505 713 3567 in
732 3504 861 3566 sedibus
879 3503 997 3566 nostris
1015 3526 1088 3586 pro·
