2444 3908
261 123 513 180 HISTORIARUM
530 124 744 179 ALEXANDRI
761 124 812 194 IV,
831 131 855 180 3.
875 133 900 179 4.
1044 126 1086 186 41

82 268 203 333 moveri
233 268 324 332 iubet
353 269 555 353 delectosque
585 268 723 333 militum
753 269 875 352 inponi.
928 268 974 333 Et
1003 269 1124 336 fortes

82 356 177 419 belua
216 356 400 421 invisitatae
438 356 669 440 magnitudinis
708 378 803 438 super
842 357 930 440 ipsos
971 357 1087 421 fluctus

82 443 177 508 dorso
205 444 349 508 eminens
377 443 418 507 ad
444 446 575 527 molem,
607 466 703 528 quam
725 443 916 508 Macedones
938 445 1088 528 iecerant,

81 531 197 615 ingens
223 553 339 615 corpus
362 532 517 615 adplicuit
539 532 807 614 diverberatisque
830 531 978 606 fluctibus
1002 533 1087 596 adle-

81 641 163 683 vans
190 622 293 683 semet
317 621 477 703 utrimque
504 623 675 702 conspecta
704 623 767 683 est:
797 619 910 684 deinde
938 643 957 684 a
984 621 1122 703 capitas

81 707 177 770 molis
208 729 318 771 rursus
349 708 414 771 alto
442 730 476 771 se
503 708 648 770 inmersit
675 729 712 771 ac
739 707 835 771 modo
863 729 958 789 super
984 710 1087 771 undas

83 795 227 858 eminens
258 815 377 878 magna
409 794 459 858 sui
485 798 590 878 parte,
620 794 716 858 modo
740 794 916 876 superfusis
938 795 1087 858 fluctibus

82 882 212 946 condita
251 881 338 946 haud
377 881 491 964 procul
530 882 736 945 munimentis
772 882 861 945 urbis
898 904 932 945 se
968 883 1087 946 mersit.

82 967 236 1055 Utrisque
262 970 367 1034 laetus
393 969 455 1034 fuit
479 969 592 1033 beluae
615 972 777 1051 aspectus:
813 967 1004 1034 Macedones
1026 971 1088 1033 iter
1107 988 1122 1036 a

85 1057 230 1122 iaciendo
262 1057 352 1140 operi
382 1061 576 1121 monstrasse
608 1079 679 1120 eam
711 1057 965 1141 augurabantur,
1000 1057 1089 1139 Tyrii

81 1143 268 1227 Neptunum
293 1145 440 1228 occupati
462 1145 559 1208 maris
582 1145 739 1209 vindicem
762 1145 939 1227 abripuisse
961 1145 1089 1208 beluam

84 1253 121 1296 ac
143 1233 260 1297 molem
282 1233 373 1297 brevi
394 1233 537 1316 profecto
555 1234 720 1297 ruituram.
753 1231 906 1316 Laetique
925 1233 1031 1296 omine
1050 1255 1088 1296 eo

83 1319 125 1384 ad
152 1322 263 1404 epulas
285 1321 401 1404 dilapsi
424 1343 595 1385 oneravere
618 1342 651 1385 se
673 1321 763 1398 vino,
793 1341 856 1404 quo
880 1340 993 1404 graves
1017 1324 1088 1384 orto

83 1409 151 1471 sole
173 1409 302 1492 navigia
324 1409 543 1474 conscendunt
564 1409 713 1473 redimita
734 1408 866 1473 floribus
884 1409 1088 1491 coronisque:

83 1495 163 1560 adeo
185 1497 337 1562 victoriae
359 1519 426 1562 non
449 1518 543 1562 omen
564 1497 674 1580 modo,
702 1497 758 1560 sed
780 1497 878 1560 etiam
900 1496 1088 1580 gratulatio·

37 1588 157 1653 l8nem
187 1589 426 1668 praeceperant.
478 1584 574 1650 Forte
604 1606 661 1648 rex
691 1584 825 1648 classem
861 1584 896 1647 in
931 1584 1126 1650 diversamo

82 1675 207 1753 partem
230 1673 284 1756 agi
304 1674 442 1737 iusserat
463 1691 534 1736 xxx
556 1672 734 1736 minoribus
757 1672 895 1755 navigiis
917 1672 1037 1735 relictis
1055 1671 1089 1734 in

83 1758 193 1822 litore:
231 1781 249 1822 e
281 1760 397 1841 quibus
424 1760 513 1842 Tyrii
544 1760 668 1824 duobus
702 1760 804 1842 captis
832 1762 938 1822 cetera
964 1759 1090 1842 ingenti

83 1849 267 1909 terruerunt
293 1850 394 1928 metu,
425 1847 526 1909 donec
549 1868 679 1910 suorum
701 1847 839 1910 clamore
862 1846 972 1910 audito
995 1847 1090 1910 Alex·

84 1931 184 1996 ander
209 1932 344 1997 classem
370 1934 471 2012 litori,
500 1955 519 1995 a
546 1954 609 2015 quo
638 1933 783 1996 fremitus
810 1933 1004 2015 acciderant,
1036 1934 1090 1995 ad-

84 2021 193 2085 movit.
241 2021 350 2084 Prima
385 2042 402 2084 c
433 2019 646 2085 Macedonum
681 2020 817 2084 navibus
853 2020 1125 2103 quinqueremis?

83 2109 251 2173 velocitate
285 2109 371 2172 inter
405 2112 527 2173 ceteras
564 2108 707 2172 eminens
738 2108 887 2192 occurrit,
927 2129 1023 2191 quam
1053 2112 1091 2171 ut

83 2217 274 2280 conspexere
297 2196 427 2280 Tyriae,
454 2196 535 2261 duae
562 2217 601 2259 cx
623 2196 748 2260 diverso
770 2196 806 2259 in
827 2197 929 2259 latera
951 2196 1019 2260 eius
1041 2195 1089 2259 in-

84 2287 193 2350 vectae
212 2286 296 2368 sunt,
317 2285 352 2348 in
370 2307 505 2369 quarum
529 2283 662 2348 alteram
680 2284 915 2367 quinqueremis
930 2284 1090 2348 concitata

85 2371 196 2435 eadem
222 2373 346 2455 etipsa
368 2376 472 2436 rostro
495 2373 561 2436 icta
582 2375 631 2436 est
652 2375 685 2435 et
706 2372 796 2435 illam
817 2372 954 2436 invicem
976 2372 1090 2434 tenuit.

84 2458 216 2541 Iamque
239 2481 284 2543 ea,
307 2481 387 2543 quae
409 2482 477 2524 non
499 2459 699 2541 cohaerebat,
720 2458 822 2523 libero
840 2459 962 2541 impetu
980 2461 1090 2523 evecta
1109 2477 1127 2527 8

84 2548 120 2611 in
147 2547 233 2612 aliud
256 2547 492 2630 quinqueremis
514 2548 599 2610 latus
621 2545 846 2609 invehebatur:
879 2566 952 2609 cum
975 2565 1091 2628 oppor·
1175 2542 1178 2547 ’

84 2635 223 2698 tunitate
246 2635 328 2698 mira
349 2634 489 2698 triremis
508 2654 525 2696 c
543 2633 643 2697 classe
657 2632 831 2697 Alexandri
844 2632 880 2695 in
893 2653 964 2696 eam
976 2632 1091 2717 ipsam,

86 2743 170 2804 quae
194 2721 414 2806 quinqueremi
435 2720 627 2803 inminebat,
652 2724 745 2783 tanta
767 2721 798 2785 vi
820 2719 946 2802 inpulsa
967 2724 1024 2799 cst,
1054 2724 1092 2786 ut
1151 2798 1154 2803 Ι

85 2809 203 2891 Tyrius
221 2809 417 2892 gubernator
434 2808 469 2870 in
488 2830 575 2872 mare
593 2811 793 2872 excuteretur
808 2829 826 2871 e
839 2808 949 2892 puppi.
977 2806 1091 2873 Plures
1107 2824 1155 2885 vj

86 2896 200 2959 deinde
226 2896 439 2960 Macedonum
468 2917 567 2960 naves
597 2897 838 2979 superveniunt,
869 2899 902 2959 et
930 2917 987 2961 rex
1013 2916 1092 2981 quo·
1129 2894 1155 2981 a}

86 3004 147 3066 que
170 2983 293 3047 aderat:
317 3005 390 3047 cum
404 2983 492 3067 Tyrii
514 2983 696 3047 inhibentes
718 2984 815 3047 remis
838 3004 933 3068 aegre
956 2984 1092 3049 evellere
1120 2982 1155 3061 ti

84 3093 211 3154 navem,
234 3092 314 3154 quae
331 3071 494 3156 haerebat,
512 3075 703 3155 portumque
722 3072 830 3135 omnia
848 3071 943 3135 simul
961 3071 1093 3154 navigia
1145 3068 1155 3139 i

83 3162 242 3244 repetunt
279 3157 457 3224 Confestim
480 3182 535 3223 rex
557 3160 721 3224 insecutus
743 3162 873 3241 portum
897 3159 1024 3243 quidem
1041 3159 1092 3223 in·
1151 3158 1155 3163 ’

83 3252 169 3312 trare
191 3268 259 3311 non
281 3247 397 3332 potuit,
420 3270 493 3312 cum
515 3248 627 3330 procul
649 3247 784 3310 emuris
807 3246 982 3310 missilibus
1006 3268 1106 3311 sum-1

84 3339 278 3421 moveretur,
307 3357 405 3401 naves
428 3339 536 3400 autem
559 3355 669 3398 omnes
692 3334 758 3398 fere
782 3337 839 3398 aut
861 3333 1013 3398 demersit
1035 3336 1093 3407 aut

84 3444 119 3486 ce
143 3424 177 3486 it.
288 3460 290 3464 .

37 3513 72 3578 [9
119 3446 141 3507 p
171 3509 276 3575 Biduo
299 3511 412 3574 deinde
436 3511 476 3574 ad
500 3510 639 3594 quietem
661 3510 737 3573 dato
760 3507 916 3572 militibus
931 3505 1094 3591 iussisque
1110 3526 1146 3575 to
