2444 3908
101 134 143 198 86
473 131 505 196 Q.
525 129 635 185 OURTI
652 129 738 185 RUFI

101 278 272 362 septimum
297 277 404 341 locum
431 275 628 360 Theodotus,
659 276 809 340 ultimum
836 274 976 339 obtinuit
998 272 1110 338 Hella-

66 390 81 437 6
100 367 200 429 nicus.
243 365 283 428 In
311 363 481 448 disciplina
503 385 628 449 quoque
651 363 799 428 militaris
821 363 868 427 rei
891 384 910 428 a
932 362 1110 426 maioribus

101 455 217 518 traditu
242 454 393 537 pleraque
421 474 546 516 summa
571 452 711 515 utilitate
736 451 882 515 mutarit.
926 449 1111 515 Nemeum

101 545 176 605 autc
207 542 330 626 equites
362 541 396 605 in
426 562 518 606 suam
545 541 677 623 quisque
703 543 831 625 gentem
858 538 1111 602 discriberentur

101 649 229 694 seorsus
253 651 272 693 a
295 629 422 713 ceteris,
453 630 599 711 exempto
622 627 788 692 nationum
812 627 993 690 discrimine
1015 647 1110 709 prae-

100 716 193 781 fectis
220 739 287 782 non
312 718 423 801 utique
447 738 577 781 suarum
599 715 756 800 gentium,
784 715 840 779 sed
863 714 993 778 delectis
1017 715 1110 778 attri-

66 805 179 874 ubuit.
225 805 324 890 Tube,
350 826 422 869 cum
445 807 552 869 castra
573 825 700 868 movere
722 803 828 887 vellet,
851 803 978 886 signum
1001 802 1110 888 dabat,

102 893 191 957 cuius
232 915 330 957 sonus
365 894 553 977 plerumque
588 891 854 956 tumultuantium
888 890 1020 955 fremitu
1056 911 1110 953 ex-

102 981 226 1045 oriente
252 980 339 1044 haud
361 981 439 1044 satis
463 980 701 1045 exaudiebatur:
735 1000 811 1064 ergo
833 978 1001 1063 perticam,
1027 999 1110 1061 quae

101 1069 240 1153 undique
263 1068 404 1151 conspici
425 1071 549 1150 posset,
577 1090 673 1150 supra
694 1067 891 1151 praetorium
915 1067 1041 1143 statuit,
1070 1087 1110 1129 ex

102 1178 166 1239 qua
198 1155 327 1238 signum
356 1155 517 1219 eminebat
549 1156 670 1238 pariter
704 1155 853 1220 omnibus
886 1153 1109 1237 conspicuum:

103 1243 334 1307 observabatur
355 1242 441 1327 ignis
463 1245 575 1324 noctu,
597 1243 705 1306 fumus
727 1243 876 1307 interdiu.

67 1352 83 1400 s
189 1329 320 1413 Iamque
348 1328 430 1394 Susa
461 1331 490 1393 ei
522 1331 646 1396 adituro
673 1330 836 1409 Abulites,
866 1329 1006 1414 regionis
1040 1329 1148 1398 eius8

101 1418 295 1500 praefectus,
327 1417 393 1482 sive
420 1415 517 1482 Darei
547 1419 650 1500 iussu,
681 1421 718 1481 ut
744 1416 962 1481 Alexandrum
989 1419 1110 1500 praeda

105 1505 271 1589 retineret,
302 1505 368 1571 sive
391 1527 449 1570 sua
472 1508 586 1589 sponte
607 1506 708 1569 filium
731 1505 859 1569 obviam
881 1505 983 1589 misit,
1010 1506 1109 1570 tradi-

68 1617 83 1664 9
102 1595 210 1656 turum
234 1614 267 1657 se
288 1593 402 1657 urbem
419 1594 621 1676 promittens.
656 1592 801 1677 Benigne
819 1594 965 1657 iuvenem
984 1595 1110 1676 excepit

101 1701 158 1744 rex
179 1685 211 1745 et
233 1681 344 1745 eodem
365 1681 444 1745 duce
463 1681 503 1745 ad
522 1679 687 1764 Choaspin
706 1702 832 1745 amnem
854 1681 1009 1764 pervenit,
1032 1681 1108 1745 deli-

52 1791 84 1839 10
103 1772 220 1854 catam,
246 1772 284 1833 ut
309 1769 397 1833 fama
423 1773 485 1853 est,
511 1769 680 1834 vehentem
707 1791 831 1851 aquam.
875 1768 938 1834 Hic
960 1768 1108 1835 Abulites

107 1878 180 1922 cum
207 1857 297 1922 donis
320 1858 437 1943 regalis
460 1857 641 1942 opulentiae
665 1858 812 1923 occurrit.
856 1855 1033 1920 Dromades
1057 1878 1109 1921 ca-

102 1946 179 2009 meli
200 1946 284 2010 inter
306 1946 390 2010 dona
412 1950 503 2010 erant
520 1946 699 2010 velocitatis
718 1945 860 2028 eximiae,
882 1963 932 2007 ιιι
946 1945 1109 2026 elephanti

103 2055 122 2097 a
144 2033 250 2097 Dareo
278 2055 316 2097 ex
338 2033 432 2097 India
454 2034 558 2114 acciti,
585 2033 651 2095 iam
672 2053 739 2095 non
760 2035 875 2113 terror,
903 2035 940 2094 ut
962 2053 1108 2112 sperave·

22 2194 25 2198 ⁴
102 2123 184 2203 rant,
206 2120 426 2202 Macedonum,
449 2119 505 2183 sed
528 2120 689 2201 auxilium,
711 2139 787 2201 opes
805 2118 882 2182 victi
901 2118 940 2180 ad
954 2119 1108 2180 victorem
1187 2174 1190 2178 ,

51 2230 83 2278 11
102 2206 315 2270 transferente
335 2206 475 2269 fortuna.
510 2203 556 2270 Ut
576 2226 652 2270 vero
674 2205 786 2268 urbem
808 2205 950 2287 intravit,
972 2204 1108 2267 incredi-

102 2294 200 2358 bilem
223 2314 262 2356 ex
283 2292 443 2357 thesauris
467 2313 626 2356 summam
648 2292 801 2375 pecuniae
825 2291 952 2377 egessit,
974 2309 996 2355 ι
1019 2292 1109 2356 milia

101 2383 261 2446 talentum
284 2380 409 2465 argenti
430 2402 497 2445 non
520 2380 638 2465 signati
659 2380 772 2464 forma,
795 2380 851 2444 sed
869 2379 941 2443 rudi
958 2378 1109 2462 pondere.

52 2469 199 2539 rtaMuli
233 2491 325 2555 reges
355 2471 465 2533 tantas
497 2490 584 2552 opes
604 2469 703 2554 longa
734 2471 837 2532 aetate
869 2469 1109 2532 cumulaverant

102 2559 212 2623 liberis
219 2559 506 2660 posterisque,ut
468 2557 611 2621 utarbit
597 2557 773 2638 trahantur,
796 2577 875 2640 quas
893 2577 958 2620 una
975 2557 1109 2620 horam

52 2667 84 2715 13
104 2649 157 2710 ext
159 2647 227 2710 erni
248 2647 334 2731 regis
357 2667 472 2710 manus
495 2645 612 2711 intulit
651 2642 805 2710 Consedit
827 2643 972 2708 deinde
962 2665 997 2707 1n
1019 2645 1109 2728 regia

104 2734 185 2798 sella
207 2735 308 2798 multo
332 2733 504 2797 excelsiore
527 2755 623 2818 quam
645 2754 703 2816 pro
726 2733 840 2797 habitu
861 2733 1012 2882 corporis
1044 2731 1108 2795 Ita-

105 2842 180 2906 que,
212 2842 284 2886 cum
315 2821 412 2903 pedes
438 2820 581 2902 primum
613 2821 747 2903 gradum
778 2842 846 2885 non
877 2820 1109 2904 contingerent,

52 2929 86 2978 14
104 2931 187 2975 unus
215 2931 254 2973 ex
280 2908 377 2992 regiis
404 2909 511 2991 pueris
538 2929 684 2971 mensam
711 2908 851 2972 subdidit
837 2907 1020 2990 tpedibus.
1065 2871 1110 2971 Ei

104 3020 177 3063 cum
200 2998 390 3080 spadonem,
413 2996 467 3079 qui
489 2995 587 3060 Darei
608 2995 714 3059 fuerat
718 2995 1012 3079 ,ingemiscentem
1037 3017 1109 3060 con

105 3086 261 3169 spexisset
291 3106 360 3166 rex,
391 3105 521 3149 causam
552 3082 731 3147 maestitiae
757 3083 931 3165 requisivit.
976 3083 1070 3146 Ille
1061 3106 1109 3147 rn-

105 3175 190 3239 dicat
176 3171 354 3236 tDareum
376 3172 461 3236 vesci
482 3172 516 3235 in
540 3193 578 3236 ea
601 3170 744 3254 solitum,
774 3192 870 3254 seque
893 3193 1018 3234 sacram
1042 3171 1109 3235 eius

104 3283 247 3327 mensam
275 3259 315 3323 ad
345 3260 518 3323 ludibrium
548 3259 741 3324 recidentem
771 3258 840 3321 sine
866 3258 1006 3322 lacrimis
1034 3280 1109 3322 con-

50 3351 225 3434 respicere
248 3370 315 3413 non
337 3369 439 3431 posse
477 3344 583 3411 Subiit
605 3367 681 3431 ergo
704 3366 812 3430 regem
835 3345 1074 3410 verecundia
1043 3368 1109 3413 vlo-

103 3439 192 3502 landi
222 3437 332 3520 hospit
318 3437 398 3500 tales
428 3436 556 3518 dece,'
547 3456 673 3518 1amque
703 3433 835 3498 subduci
861 3433 1005 3516 iubebat,
1037 3456 1110 3499 cum

103 3524 263 3593 Philotas:
300 3524 448 3590 Minime
475 3545 550 3588 vero
577 3523 656 3587 haec
678 3522 805 3606 feceris,
836 3543 904 3606 rex,
936 3521 991 3586 sed
1014 3543 1111 3587 omen

68 3618 72 3647 l
