2444 3908
0 456 18 550 J
89 482 105 510 ⁴
126 487 286 534 1411111111
315 467 438 531 adiecit
484 465 673 550 Cypriorum
701 487 826 550 quoque
852 466 995 549 regibus,
1026 466 1198 549 quieta

177 145 221 209 54
548 146 580 212 Q.
600 146 709 201 CURTI
726 146 814 201 RUFI
861 166 865 173 ·
988 135 995 147 ”

177 293 338 377 egregiam
356 292 391 355 in
409 263 517 375 partes
536 290 629 354 fidem
648 292 681 354 et
699 290 878 375 pecuniam,
901 311 997 373 quarn
1014 289 1051 354 in
1065 288 1198 356 bellum

176 379 402 463 inpenderent,
436 378 575 443 reddidit
610 381 643 442 et
678 398 829 462 magnam
864 379 1030 462 regionem
1067 377 1196 445 finibus

176 554 281 619 Dareo
307 555 488 620 defecerant
511 555 552 618 ad
573 555 680 637 ipsum
702 558 734 618 et
756 554 958 638 oppugnanti
980 553 1107 636 Tyrum
1133 555 1196 619 mi·

177 646 286 707 serant
308 645 456 726 classem,
478 665 536 726 pro
560 643 674 706 merito
696 642 800 706 honos
822 642 953 706 habitus
976 645 1034 705 est.

1 684 17 801 i
126 749 157 799 15
263 732 481 814 Amphoterus
513 730 639 814 deinde,
671 730 781 794 classis
811 729 1004 813 praefectus,
1036 727 1079 794 ad
1109 729 1195 796 libe·

174 820 309 885 randam
339 819 466 886 Cretam
498 819 615 883 missus
646 855 689 864 -
720 839 858 901 namque
891 821 924 882 et
949 816 1126 882 Persarum
1161 823 1196 884 et

176 906 406 991 Spartanorum
429 907 525 971 armis
544 908 693 990 pleraque
716 907 784 970 eius
807 906 932 970 insulae
955 904 1197 973 obsidebantur

179 1033 216 1042 -
246 1001 321 1060 ante
353 995 461 1060 omnia
491 1016 579 1058 mare
611 1016 631 1057 a
661 994 803 1077 piraticis
835 994 991 1058 classibus
1020 993 1195 1061 vindicare

175 1085 296 1149 iussus:
332 1083 449 1166 quippe
477 1083 650 1146 obnoxium
677 1082 891 1165 praedonibus
915 1084 984 1145 erat
1005 1082 1041 1144 ia
1064 1081 1196 1149 bellum

125 1192 157 1241 16
176 1176 312 1254 utroque
339 1190 413 1254 rege
441 1189 603 1234 converso.
647 1168 708 1234 His
731 1170 906 1253 conpositis
929 1168 1064 1232 Herculi
1087 1169 1195 1254 Tyrio

176 1280 214 1322 ex
237 1280 316 1322 auro
339 1261 495 1321 crateram
518 1279 589 1320 cum
610 1274 682 1321 xxx
704 1259 823 1339 pateris
848 1257 978 1321 dicavit:
1008 1257 1195 1325 inminens·

176 1367 236 1430 que
259 1344 364 1410 Dareo
388 1345 428 1408 ad
451 1344 638 1423 Euphraten
661 1346 721 1408 iter
743 1345 946 1428 pronuntiari
967 1344 1074 1410 iussit.

598 1502 676 1567 One.
698 1503 753 1566 IX.

3 1578 15 1703 ¹¹,
142 1629 155 1676 1
263 1608 309 1672 At
334 1608 471 1692 Dareus,
503 1629 587 1672 cum·
602 1607 749 1692 Aegypto
781 1609 955 1672 devertisse
980 1608 1016 1671 in
1038 1606 1222 1678 Africam

175 1697 302 1761 hostem
325 1696 533 1779 conperisset,
564 1696 776 1778 dubitaverat,
802 1699 951 1760 utrumne
974 1696 1058 1760 circa
1081 1697 1195 1766 Meso-

175 1785 350 1869 potamiam
379 1785 579 1869 subsisteret,
611 1806 653 1848 an
680 1783 833 1848 interiora
859 1785 951 1870 regni
980 1784 1029 1847 sui
1051 1789 1195 1873 peteret,

175 1874 261 1939 haud
290 1874 384 1938 dubie
410 1873 573 1957 potentior
600 1875 710 1937 auctor
736 1894 887 1956 praesens
910 1872 1036 1935 futurus
1060 1875 1194 1942 ultimis

176 1963 325 2047 gentibus
357 1962 483 2046 inpigre
513 1963 633 2026 bellum
665 1961 863 2044 capessendi,
895 1974 973 2042 quas
1004 1980 1103 2043 aegre
1130 1986 1196 2048 per

141 2069 157 2117 2
176 2051 354 2133 praefectos
378 2071 452 2114 suos
475 2049 674 2112 moliebatur.
709 2047 771 2113 Sed
793 2052 829 2112 ut
851 2048 974 2112 idoneis
997 2051 1194 2118 auctoribus

175 2138 263 2201 fama
285 2137 438 2222 vulgarit,
459 2135 676 2198 Alexandrum
695 2157 767 2199 cum
782 2136 929 2199 omnibus
944 2135 1054 2218 copiis,
1073 2158 1194 2221 quam-

177 2245 310 2307 cumque
332 2225 401 2306 ipse
425 2222 545 2286 adisset
566 2223 741 2306 regionem,
763 2224 951 2306 petiturum:
983 2224 1070 2288 haud
1093 2225 1194 2312 igna-

175 2334 240 2396 rus,
262 2334 359 2396 quam
382 2322 454 2374 cum
475 2313 605 2374 strenuo
623 2331 674 2374 res
692 2314 784 2393 esset,
808 2312 917 2375 omnia
933 2312 1194 2396 longinquarum

176 2401 320 2485 gentium
344 2399 462 2463 auxilia
480 2398 688 2482 Babyloniam
712 2399 858 2462 contrahi
880 2400 981 2463 iussit.
1016 2397 1195 2470 Bactriani

177 2487 375 2574 Scythaeque
412 2491 445 2552 et
474 2486 548 2551 Indi
580 2490 808 2552 convenerant:
844 2487 910 2551 iam
941 2490 975 2550 et
1005 2490 1194 2558 ceterarum

1 2534 17 2645 ..i
141 2579 321 2663 agentium
353 2578 463 2662 copiae
494 2576 641 2659 partibus
674 2575 768 2640 simul
800 2575 980 2640 adfuerunt.
1033 2573 1194 2645 Ceterum

176 2688 248 2730 curn
280 2664 411 2728 dimidio
442 2665 540 2728 ferme
572 2665 675 2727 maior
706 2667 790 2727 esset
821 2663 989 2746 exercitus,
1022 2685 1123 2747 quarn
1154 2669 1194 2734 in

177 2751 289 2817 Cilicia
310 2752 425 2836 fuerat,
446 2751 556 2814 multis
579 2773 669 2814 arma
691 2750 831 2834 deerant,
854 2773 934 2834 quae
958 2772 1085 2815 summa
1109 2775 1194 2822 cura

176 2840 444 2922 conparabantur.
495 2837 667 2921 Equitibus
699 2840 851 2922 equisque
877 2842 1065 2922 tegumenta
1093 2849 1195 2910 erant

176 2950 215 2992 ex
236 2928 347 2991 ferreis
369 2926 531 2990 lamminis
555 2926 635 2990 serie
657 2927 741 2990 inter
764 2947 797 2991 se
821 2928 963 2991 conexis:
991 2928 1064 3011 quis
1088 2933 1193 2998 antea

175 3018 302 3100 praeter
324 3014 429 3079 iacula
451 3013 533 3077 nihil
551 3013 689 3097 dederat,
712 3017 803 3078 scuta
821 3015 982 3099 gladiique
1002 3015 1194 3084 adicieban-

3 3114 6 3121 ’
138 3107 241 3169 ratur:
274 3123 489 3186 equorumque
516 3101 668 3166 domandi
696 3122 809 3186 greges
836 3103 997 3185 peditibus
1020 3102 1196 3174 distributi

177 3194 264 3273 sunt,
287 3194 324 3254 ut
345 3190 448 3254 maior
470 3189 607 3273 pristino
630 3194 715 3255 esset
736 3191 910 3274 equitatus:
935 3191 1128 3276 ingensque,
1150 3200 1194 3261 ut

176 3279 362 3362 crediderat,
383 3277 525 3342 hostium
542 3279 653 3364 terror,
673 3279 827 3343 ducentae
845 3278 981 3343 falcatae
1000 3280 1193 3370 quadrigae,

138 3368 305 3437 aunicum
332 3367 460 3431 illarum
488 3366 633 3451 gentium
661 3368 827 3451 auxilium,
855 3372 980 3433 secutae
1003 3371 1088 3433 sunt.
1135 3370 1193 3438 Ex

176 3477 300 3521 summo
318 3459 446 3520 temone
461 3455 574 3520 hastae
587 3455 745 3537 praefixae
758 3457 843 3520 ferro
857 3455 1050 3540 eminebant,
1072 3459 1192 3526 uin-im-

176 3566 237 3628 que
273 3567 293 3609 a
326 3543 403 3630 iugo
434 3548 543 3609 ternos
576 3543 756 3608 direxerant
787 3544 924 3629 gladios,
959 3544 1044 3608 inter
1074 3546 1191 3617 radios
