2444 3908
186 125 230 190 60
559 121 591 188 o.
611 120 720 177 ocari
737 119 824 174 acm

186 272 219 333 et
240 268 347 351 eloqui
368 266 475 351 timeo,
497 267 635 331 ludibria
655 286 799 339 meorum
821 268 1029 332 nuntiaturus
1053 284 1103 347 es,
1128 263 1206 328 miln

186 359 231 437 et,
259 359 297 419 ut
323 355 430 437 credo,
460 355 540 437 ipsis
566 374 692 438 quoque
719 354 807 417 omni
832 355 976 419 tristiora
1002 348 1208 435 suppliciol’

133 466 167 515 28
185 443 237 506 Ad
259 443 338 507 haec
351 441 511 525 Tyriotes,
533 441 639 505 ‘Istud
662 441 791 526 quidem
813 443 924 525 procul
942 439 1059 522 abest’,
1083 438 1206 523 inquit:

186 529 472 614 ‘quantuscumque
495 529 580 593 enim
598 529 717 613 reginis
735 529 838 594 honos
857 530 898 594 ab
916 530 976 613 his,
999 527 1058 611 qui
1076 530 1206 611 parent,

185 617 297 682 haberi
318 622 434 702 potest,
454 617 519 681 tuis
543 639 563 681 a
584 617 703 682 victore
726 621 869 682 servatus
888 620 945 701 est,
968 616 1026 681 sed
1045 618 1207 680 uxortua

133 727 167 776 ae
185 707 282 789 paulo
313 709 387 770 ante
413 706 548 769 excessit
574 726 591 768 e
618 704 705 770 rita?
749 704 840 770 Tunc
867 727 943 770 vero
965 725 1035 769 non
1058 703 1207 788 gemitus

186 794 296 876 modo,
324 793 379 858 sed
407 794 504 857 etiam
530 793 666 857 eiulatus
693 792 771 857 totis
800 791 1205 857 castris-exaudiebantur.

186 880 255 946 Nec
283 882 440 946 dubitavit
462 880 600 964 Dareus,
628 881 705 964 quin
726 880 895 946 interfecta
917 883 1014 964 esset,
1044 879 1130 962 quia
1150 901 1207 944 nc

188 970 310 1052 quisset
336 968 564 1033 contumeliam
589 968 726 1052 perpeti,
756 970 974 1053 exclamatque
1001 988 1122 1032 amens
1151 966 1208 1032 do·

186 1056 270 1122 lora:
306 1054 414 1131 ‘Quod
441 1076 501 1139 ego
528 1059 656 1120 tantum
682 1056 773 1119 nefas
800 1056 958 1140 commisi,
992 1052 1208 1120 Alexander?

188 1143 948 1295 ltetalultltiatrttltffltietel?’nil
975 1142 1209 1296 hllllmlll'l

186 1251 335 1382 locatus:
373 1317 428 1380 sed
459 1318 546 1402 finge
575 1319 696 1381 iustum
725 1281 871 1382 intulisse
897 1320 930 1381 to
957 1252 1094 1400 billum,
1130 1252 1206 1384 dum

10 1446 21 1497 Ι.
135 1427 169 1476 30
187 1404 316 1469 feminis
339 1424 415 1488 ergo
439 1426 534 1489 agere
557 1405 745 1469 debueras?'
778 1405 926 1488 Tyriotes
949 1404 1125 1473 adfirmare
1148 1428 1209 1490 per

188 1491 265 1556 deos
296 1492 419 1575 patrios
451 1493 532 1556 nihil
555 1494 601 1556 ·in
633 1515 704 1557 eam
740 1493 869 1577 gravius
899 1514 968 1557 esse
998 1486 1206 1558 consultumz

188 1581 383 1664 ingemuisse
414 1581 512 1644 etiam
538 1580 756 1644 Alexandrum
788 1581 886 1645 morti
918 1583 951 1644 et
975 1600 1042 1643 non
1069 1581 1207 1664 parcius

1 1676 23 1771 ᾖ)
136 1668 449 1768 31fievisse,·quam
472 1668 540 1751 ipse
562 1668 752 1731 lacrimaret.
791 1668 841 1732 Ob
864 1669 944 1732 haec
965 1668 1035 1747 ipsa
1058 1671 1207 1735 amanlis

189 1756 315 1819 animus
333 1778 369 1819 1n
392 1755 640 1820 sollicitudinem
659 1755 935 1839 suspicionemque
953 1755 1121 1819 revolutus
1144 1761 1207 1840 est,

189 1844 378 1907 desiderium
416 1843 559 1926 captivae
596 1842 739 1926 profecto
776 1866 796 1906 a
831 1842 1060 1908 consuetudine
1094 1846 1207 1928 stupri

9 1938 21 1967 ²
137 1935 296 2000 scortum
319 1953 389 1996 esse
412 1931 604 1996 coniectans.
644 1930 819 1996 Summotis
841 1931 942 2015 igitur
962 1929 1107 2015 arbitris,
1135 1954 1208 1999 uno

189 2019 355 2083 dumtaxat
382 2018 514 2101 Tyriote
540 2022 679 2100 retento,
708 2019 773 2082 iam
799 2040 866 2083 non
892 2018 986 2102 flens,
1013 2017 1070 2081 sed
1096 2022 1208 2105 suspi-

295 2104 467 2257 uec
484 2105 924 2257 ieiunans
941 2104 1209 2261 moeso

188 2213 274 2361 dsesoes,
297 2279 324 2342 si
347 2278 422 2361 quid
445 2278 506 2342 tibi
528 2278 577 2342 tui
598 2279 683 2363 regis
701 2242 898 2345 reterentiae
916 2215 977 2346 exst:
999 2300 1089 2365 num,
1112 2216 1207 2366 qiiod

189 2370 222 2430 et
243 2366 324 2430 sciro
347 2369 461 2449 expeto
479 2370 512 2430 et
530 2388 680 2449 quaerere
696 2367 803 2451 pudet,
826 2390 923 2431 ausus
938 2371 987 2432 est
1000 2370 1033 2431 et
1042 2367 1208 2438 dominus

1 2461 3 2534 ζ
136 2473 169 2521 33
189 2457 222 2518 et
242 2454 399 2520 iuvenisl'
426 2454 486 2520 Ille
509 2454 689 2538 quaestioni
712 2477 826 2539 eorpus
850 2456 973 2540 offerre,
995 2454 1072 2520 deos
1095 2459 1207 2526 testes

13 2544 20 2597 ἶ
136 2560 170 2608 34
188 2542 345 2621 invocare,
367 2547 463 2607 caste·
478 2546 648 2626 sancteque
666 2543 810 2607 habitam
830 2565 905 2610 essa
921 2543 1076 2628 reginam.
1114 2544 1208 2612 Tan-

189 2630 261 2694 dem
279 2635 316 2695 ut
335 2631 414 2695 fides
432 2630 519 2694 facta
537 2634 587 2694 est
604 2651 680 2694 vera
696 2652 775 2713 esse,
794 2652 874 2714 quac
889 2631 1072 2695 adfirmaret
1085 2634 1207 2721 spado,

189 2717 292 2798 capite
315 2719 420 2781 velato
444 2717 498 2781 diu
520 2716 609 2781 flevit
631 2719 898 2803 manantibusque
920 2719 1023 2782 adhuc
1045 2718 1209 2809 lacrimis,

188 2806 276 2867 veste
303 2803 344 2867 ab
372 2825 426 2868 ore
453 2803 583 2887 reiecta,
611 2805 651 2868 ad
679 2805 802 2869 caelum
824 2827 938 2870 manus
961 2806 1113 2893 tendens,
1142 2808 1208 2877 ‘Di

187 2889 305 2974 patrii',
327 2891 440 2974 inquit,
463 2890 613 2973 ‘primum
635 2892 715 2955 mihi
738 2892 879 2958 stabilite
901 2913 1051 2978 regnum:
1074 2894 1208 2986 deinde,

187 2979 216 3050 si
238 2979 277 3042 de
299 3000 350 3042 me
372 2979 439 3042 iam
460 2981 659 3043 transactum
687 2982 749 3063 est,
780 3002 906 3065 precor,
932 3003 972 3045 ne
996 2981 1067 3065 quis
1089 2987 1207 3066 potius

70 3102 76 3109 ·
186 3066 292 3139 Asiae,
305 3087 362 3130 rex
384 3066 436 3149 sit,
459 3088 555 3150 quam
575 3068 637 3131 iste
659 3071 728 3131 tam
749 3068 853 3132 iustus
876 3069 989 3153 hostia,
1010 3071 1079 3132 tam
1101 3073 1206 3140 miso·

185 3155 286 3218 ricors
309 3153 430 3218 victor?

587 3309 686 3376 'Oua
708 3312 764 3377 XI.

149 3438 164 3486 1
197 3376 200 3385 ῃ
272 3417 386 3501 Itaque
413 3439 606 3501 quamquam
632 3417 754 3482 frustra
779 3441 858 3502 pace
884 3419 935 3484 bis
960 3420 1063 3503 petita
1086 3426 1222 3493 omnia

183 3505 219 3569 in
253 3506 372 3570 bellum
407 3506 540 3570 consilia
571 3509 785 3592 converterat,
820 3507 923 3572 victus
954 3510 1063 3572 tamen
1095 3516 1205 3581 conti-
