2444 3908
288 131 541 188 HISTORIARUM
558 133 1090 201 ALEXANDRIVI,1.115

83 277 137 340 bus
159 277 310 379 conpressi
331 277 456 342 cicures
477 281 538 341 enti
534 279 654 342 'tuuan
678 273 773 343 etrel
794 280 865 344 bene
884 284 984 361 pestae
1000 280 1090 382 fona

82 365 186 447 etiarn,
209 368 264 446 pui
286 367 440 446 suspensis
461 371 544 429 rnent
532 366 610 430 tibus
630 367 790 446 fortunarn
811 372 1029 450 spectaverant,
1054 370 1089 432 iri

80 454 249 517 societatem
271 473 375 517 enrrrn
391 454 540 535 pertracti
561 459 642 518 scint.
621 454 763 520 illua
785 475 821 520 erc
837 456 926 520 Eleis
943 457 1089 521 Actaeis·

80 562 137 621 pne
158 542 285 606 urbibus
307 540 427 606 Pellene
451 541 558 620 foedus
584 542 806 622 aspernabatur
834 548 863 608 et
892 545 927 608 in
948 545 1089 609 Arcadia

80 630 294 712 Mepalopolis,
317 630 383 711 fida
404 630 624 694 Macedonibus
646 630 681 694 ob
699 630 840 712 Pbilippi
857 633 1044 710 rnernorion,
1067 653 1089 696 a

80 738 139 799 quo
162 719 312 798 beneficiis
338 718 457 797 adfecta
476 718 588 798 seruat.
629 717 691 783 Sed
711 719 789 783 baeo-
805 724 871 783 arte
892 721 1088 785 circumsesso

81 806 167 872 lioud
181 806 291 888 poan
313 807 461 871 deditione
483 806 595 889 aberat,
617 808 680 871 nisi
698 809 819 871 andern
837 808 1004 888 Antipater
1021 809 1088 872 sub·

82 896 216 960 uenisset.
252 894 289 959 Is
303 899 465 975 postpuorn
483 899 584 958 costra
603 895 710 960 eastris
724 895 850 960 contulit
862 915 949 977 seque
961 915 1087 960 numero

82 983 164 1048 nilit
152 988 216 1046 tum
234 983 354 1063 alioque
370 987 525 1064 apparatu
537 985 722 1064 superiorein
736 985 896 1066 conspexit,
913 1004 1006 1135 quarn
1018 986 1088 1065 pri·

82 1091 167 1135 nuru
188 1073 224 1135 de
245 1090 367 1135 srcrnnia
388 1090 493 1134 rerum
513 1071 632 1151 proelio
656 1073 828 1136 contendere
849 1076 910 1136 stat
909 1073 968 1136 uit:
996 1093 1089 1154 neque

82 1159 315 1223 Lacedaemonii
346 1159 455 1222 dett
382 1162 541 1222 ttrecooere
569 1164 727 1224 certarnen.
776 1158 831 1223 Ito
857 1160 1018 1225 conmissa
1045 1165 1089 1226 est

76 1267 194 1330 pnpna,
211 1267 288 1329 puae
305 1266 369 1310 reru
376 1246 483 1398 Spart
483 1267 579 1311 anoni
596 1249 742 1312 rnaiorern
760 1248 795 1312 in
812 1249 937 1312 nocturn
954 1249 1087 1330 adplicit.

83 1335 161 1400 (bin
178 1337 259 1400 enim
276 1340 388 1417 enpust
387 1336 428 1399 iis
448 1335 622 1417 locorum,
610 1337 772 1416 inquibus
787 1337 950 1418 pupnobot
949 1357 996 1419 ur,
1019 1357 1088 1401 oon·

81 1424 145 1505 pisi,
172 1423 224 1488 ubi
245 1422 324 1488 besti
345 1423 466 1488 nullum
489 1424 696 1488 rriultitudinis
717 1444 808 1489 usnrn
828 1425 971 1504 futurnrn
993 1427 1088 1490 creole

82 1512 168 1594 bont,
195 1512 331 1576 animose
357 1513 506 1593 conpressi
532 1517 628 1576 essent
649 1532 743 1592 neque
764 1512 947 1577 Macedones
969 1514 1088 1595 inpiprc

81 1601 262 1677 resisterent,
285 1600 417 1663 rnrrlturn
439 1601 601 1681 sanpuinis
621 1600 729 1680 fusurn
750 1605 801 1666 est.
846 1600 908 1666 Sed
923 1606 1089 1685 postquaru

81 1687 247 1767 Antipater
265 1688 415 1768 intepranc
432 1688 559 1752 subinde
575 1708 703 1752 rnonnur
722 1688 929 1753 laborantibus
941 1690 1007 1753 suis
1020 1689 1087 1753 sub·

83 1775 162 1839 sidio
189 1774 338 1853 rnittebat,
364 1776 490 1856 inpulso
516 1774 826 1840 Lacedaemoniorum
853 1777 932 1840 acies
955 1779 1089 1858 praduru

78 1862 237 1944 paulisper
268 1862 391 1926 rettulit.
443 1861 531 1940 Quocl
556 1863 745 1942 conspicatus
770 1863 850 1945 Apis
879 1883 947 1926 curn
973 1864 1089 1929 cobortc

82 1951 176 2032 repra,
199 1969 276 2032 puae
298 1969 336 2015 eu
355 1949 535 2029 fortissimis
557 1949 719 2028 constabat,
742 1970 773 2015 se
794 1952 831 2014 in
847 1952 983 2015 uedimn
1000 1999 1009 2015 .
1028 1999 1035 2016 .
1054 2000 1088 2017 ..

522 2105 600 2172 (lor.
623 2107 647 2172 Ι.

52 2212 111 2280 l..
121 2236 264 2300 pugnae
279 2214 450 2279 discrimen
463 2214 589 2278 inmisit
602 2214 759 2278 obtrunca
760 2213 874 2298 tisque,
889 2215 945 2298 qui
958 2236 1088 2298 promp-
1108 2232 1122 2280 1

83 2303 149 2368 tius
184 2304 279 2368 resist
265 2304 377 2368 ttebrm
382 2323 576 2455 ,magnam
608 2306 681 2386 part
683 2324 734 2366 em
765 2302 907 2367 bostrum
938 2304 1088 2385 propulit.

84 2389 264 2473 Coeperant
286 2392 396 2475 fugere
418 2392 485 2455 vict
488 2395 611 2455 oreset
582 2391 746 2469 et,donec
769 2391 893 2454 avidius
918 2393 1087 2472 sequentes
1107 2409 1123 2456 2

84 2480 118 2542 in
141 2479 275 2561 planum
300 2479 465 2561 deduxere,
487 2479 585 2542 inulti
609 2478 778 2542 cadebant.
812 2478 867 2540 sed
889 2480 926 2540 ut
948 2481 1089 2560 primum

86 2567 247 2650 loeus,1n
270 2588 371 2649 quos
357 2569 441 2629 stare
460 2571 605 2647 possent,
628 2564 698 2647 fuit,
722 2565 831 2646 aequis
851 2564 971 2628 viribus
995 2565 1088 2627 dimi·

85 2657 192 2719 catum
220 2658 278 2718 est.
328 2654 417 2716 Inter
446 2674 557 2717 omnes
589 2656 699 2715 tamen
726 2651 999 2715 Lacedaemonios
1032 2670 1123 2716 rex3

87 2743 258 2824 eminebat,
280 2763 345 2805 non
369 2761 532 2804 armorum
555 2740 651 2804 modo
675 2743 708 2804 et
726 2741 870 2822 eorporis
895 2740 1009 2823 specie,
1033 2741 1088 2804 sed

88 2830 186 2892 etiam
209 2828 431 2910 magnitudine
455 2827 572 2909 animi,
600 2850 662 2910 quo
686 2850 749 2891 uno
773 2827 858 2891 vinci
885 2849 950 2890 non
972 2829 1087 2911 potuit.

83 2914 234 2998 Undique
248 2938 332 2979 nunc
347 2916 533 2997 comminus,
549 2938 633 2980 nune
647 2917 770 2979 eminus
784 2917 956 2999 petebatur
972 2917 1087 2999 diuque
1107 2925 1123 2972 4

84 3025 175 3067 arma
192 3003 415 3067 circumferens
440 3004 506 3066 alia
527 3004 593 3066 tela
615 3004 718 3087 clipeo
743 3005 932 3087 excipiebat,
956 3027 1088 3087 corpore

84 3091 149 3155 alia
162 3092 303 3155 vitabat:
321 3092 422 3155 donec
440 3091 535 3154 hasta
553 3091 674 3154 femina
693 3092 837 3173 perfossa
857 3093 997 3175 plurimo
1018 3115 1088 3154 sau·

83 3180 180 3263 guina
209 3180 308 3243 effuso
338 3179 510 3243 destituere
533 3184 739 3262 pugnantem.
784 3179 873 3263 Ergo
902 3181 1004 3263 clipeo
1029 3197 1123 3244 suot

84 3271 251 3351 exceptum
275 3268 427 3351 armigeri
451 3270 572 3349 raptim
596 3269 629 3330 in
652 3271 758 3331 eastra
777 3268 967 3349 referebant,
991 3269 1087 3331 iaeta-

82 3356 205 3420 tionem
228 3358 396 3421 vulnerum
415 3356 500 3420 haud
520 3355 613 3418 facile
632 3357 834 3419 tolerantem.
880 3355 954 3419 Nou
979 3360 1086 3417 tamen
1107 3374 1122 3419 a

83 3443 219 3507 omisere
233 3443 478 3509 Lacedaemonii
493 3464 635 3526 pugnarn
652 3447 693 3526 et,
709 3448 744 3505 ut
758 3445 898 3526 primum
914 3445 975 3506 sibi
991 3464 1086 3523 quam

83 3529 171 3594 hosti
193 3533 379 3616 aequiorem
402 3533 508 3595 locum
532 3552 644 3613 capere
667 3535 849 3613 potuerunt,
873 3532 1013 3594 densatis
1038 3552 1087 3595 or·

892 3635 928 3686 8*
