2444 3908
177 103 219 166 26
548 101 579 166 Q.
600 101 710 158 CURTI
728 104 814 158 Rom

176 247 268 329 lavit,
298 247 335 309 ut
362 266 519 309 summam
543 247 724 311 adhibuerit
746 269 868 330 curam,
899 268 941 310 ne
964 246 1036 329 quis
1059 244 1191 328 captivo

178 334 302 416 corpori
325 333 498 396 inluderet:
526 355 654 397 omnem
677 336 799 400 cultum
820 333 910 398 reddi
932 333 1060 397 feminis
1083 333 1192 418 iussit,

126 442 158 490 23
177 442 236 484 nec
264 421 434 504 quicquam
461 442 499 483 cx
525 422 680 504 pristinae
703 422 851 486 fortunae
874 421 1115 505 magnificentia
1136 441 1192 484 ca-

125 529 160 577 24
177 508 275 592 ptivis
292 511 418 590 praeter
435 509 583 573 fiduciam
602 509 711 573 defuit.
738 509 852 593 Itaque
866 507 1065 593 Sisigambis,
1084 507 1193 587 Ἐπ’,

177 596 291 680 inquit,
314 594 465 678 ‘mereris
488 600 525 660 ut
540 618 578 660 ea
591 618 757 678 precemur
769 598 838 680 tibi,
857 618 938 680 quae
952 595 1058 660 Dareo
1072 599 1191 660 nostro

178 684 339 766 quondam
366 688 514 767 precatae
537 706 660 767 sumus,
690 707 749 749 nec
771 685 891 748 invidia
914 684 1029 768 dignus
1053 704 1102 765 es,
1133 682 1192 766 qui

177 775 306 835 tantum
334 791 443 856 regem
465 793 532 836 non
553 772 706 836 felicitate
729 774 847 855 solum,
877 771 932 836 sed
959 772 1057 834 etiam
1079 771 1192 854 aequi-

126 876 159 925 25
178 863 245 923 tate
269 859 476 942 superaveris.
529 858 578 922 Tu
602 860 729 943 quidem
752 863 888 924 matrem
911 881 962 923 me
986 861 1018 922 et
1039 859 1192 942 reginem

177 968 287 1030 vocas,
319 946 374 1009 sed
397 966 456 1029 ego
480 967 530 1009 me
553 949 643 1010 tuam
665 947 819 1011 famulam
842 968 912 1011 esse
936 946 1099 1010 confiteor.
1143 943 1193 1009 nt

178 1034 369 1119 praeteritae
387 1033 535 1097 fortunae
551 1034 718 1118 fastigium
731 1035 822 1117 capio
837 1038 870 1097 et
882 1033 1060 1116 praesentis
1073 1033 1193 1117 iugum

178 1123 248 1204 pati
270 1142 415 1203 possum:
437 1124 493 1183 tua
514 1121 658 1203 interest,
681 1125 836 1205 quantum
859 1123 894 1185 in
916 1143 977 1185 nos
999 1120 1138 1203 licuerit,
1162 1120 1194 1185 si

178 1208 212 1270 id
238 1208 345 1289 potius
373 1208 540 1271 clementia
568 1231 664 1292 quam
692 1210 825 1274 saeuitia
846 1209 895 1273 vis
919 1229 987 1272 esse
1009 1207 1193 1272 testatum?

127 1315 160 1363 26
178 1294 247 1358 Rex
274 1295 396 1358 bonum
423 1295 565 1358 animum
591 1297 709 1360 habere
738 1317 791 1359 eas
817 1296 919 1360 iussit
964 1294 1062 1359 Darei
1084 1295 1193 1360 filium

178 1383 261 1446 collo
298 1402 356 1445 suo
392 1382 549 1446 admovit:
586 1387 681 1466 atque
715 1383 797 1446 nihil
827 1383 881 1445 illc
913 1385 1085 1465 conspectu
1117 1387 1193 1447 tum

177 1470 316 1551 primum
344 1490 363 1531 a
393 1490 426 1532 se
453 1470 513 1532 visi
540 1471 731 1534 conterritus
760 1469 913 1533 ceruicem
942 1470 1009 1533 eius
1037 1471 1192 1536 manibus

178 1556 388 1639 amplectitur.
441 1555 549 1620 Motus
581 1578 658 1641 ergo
689 1579 745 1620 rex
782 1557 964 1620 constantia
999 1557 1090 1640 puori
1123 1557 1193 1622 He·

177 1644 398 1727 phaestionem
427 1644 570 1727 intuens,
602 1643 718 1719 ‘Quam
740 1643 875 1727 vellem',
903 1644 1022 1728 inquit,
1050 1642 1192 1711 ‘Dareus

178 1731 298 1814 aliquid
330 1752 368 1794 ex
398 1730 459 1794 hac
490 1731 598 1795 indole
628 1730 821 1796 hausissetl'
866 1731 948 1794 'Pum
978 1731 1192 1798 tabernaculo

180 1839 336 1903 egressus

125 1923 160 1971 27
267 1906 384 1970 Tribus
407 1907 470 1970 aris
492 1907 528 1970 in
541 1908 620 1990 ‚ripa
640 1906 751 1971 Pinari
774 1907 876 1971 amnis
899 1905 968 1970 Iovi
991 1909 1086 1990 atque
1105 1905 1191 1972 Har-

180 1996 243 2059 culi
265 1995 491 2078 Minervaequc
514 1996 647 2059 sacratis
662 1993 787 2076 Syriam
810 1995 892 2077 petit
905 1992 1109 2078 Damascum,
1132 1996 1193 2062 ubi

183 2083 268 2165 regis
292 2103 371 2164 gaza
394 2085 475 2163 erat,
496 2080 708 2145 Parmenione
730 2082 916 2164 praemisso.

588 2235 666 2302 Onu.
688 2236 718 2300 X
736 2235 776 2299 Π.

142 2358 156 2406 1
267 2337 328 2414 Qui
356 2338 428 2405 cum
449 2339 658 2423 processisset
684 2344 717 2404 et
737 2339 835 2406 Darei
862 2344 1025 2426 satrapam
1053 2345 1194 2424 oppetis·

1 2497 3 2506 ,
177 2448 210 2493 sc
238 2429 447 2513 conperisset,
478 2429 614 2511 veritus,
649 2450 690 2493 ne
722 2430 867 2513 paucitas
899 2452 1029 2494 suorum
1060 2452 1192 2514 sperne·

1 2527 2 2606 l
140 2520 280 2602 aretur,
311 2540 471 2583 accersere
502 2517 655 2582 maiorem
686 2539 818 2582 manum
848 2518 970 2581 statuit.
1015 2516 1077 2582 Sed
1104 2518 1192 2584 forte

178 2606 213 2669 in
236 2608 453 2689 exploratores
476 2605 516 2669 ab
540 2628 578 2669 eo
600 2607 793 2689 praemissos
815 2605 927 2669 incidit
948 2606 1079 2669 natione
1103 2603 1192 2671 Mar·

179 2693 248 2773 dus,
271 2693 327 2775 qui
349 2693 389 2754 ad
410 2691 625 2756 Parmeniona
646 2694 818 2776 perductus
841 2693 966 2756 litteras
989 2692 1030 2756 ad
1047 2691 1191 2764 Alexan-

179 2779 271 2841 drum
299 2799 318 2840 a
344 2778 506 2859 praefecto
529 2776 679 2842 Damasci
705 2781 820 2844 missas
842 2780 942 2843 tradit
963 2780 993 2842 ei
1015 2799 1074 2841 nec
1097 2780 1192 2845 dubi-

178 2867 247 2927 tare
270 2885 355 2945 eum,
385 2865 462 2946 quin
489 2885 618 2928 omnem
640 2866 763 2948 regiam
786 2866 1014 2949 supellectilem
1038 2886 1110 2929 cum
1134 2890 1193 2950 pe·

143 2951 273 3018 acunia
302 2951 455 3035 traderet,
487 2952 611 3015 adiecit.
655 2952 826 3017 Parmenio
854 2952 1015 3018 adservari
1038 2973 1075 3016 eo
1099 2954 1191 3020 iusso

177 3038 301 3102 litteras
324 3039 435 3122 aperit,
456 3039 492 3102 in
514 3040 586 3123 quis
609 3042 679 3102 erat
700 3040 863 3122 scriptum,
886 3044 923 3103 ut
944 3044 1068 3104 mature
1092 3039 1192 3106 Alex-

178 3124 278 3188 ander
312 3126 450 3209 aliquem
481 3147 520 3189 ex
551 3126 684 3190 ducibus
716 3127 781 3189 suis
812 3126 954 3191 mitteret
985 3149 1058 3191 cum
1090 3150 1191 3194 manu

179 3213 307 3296 exigua,
330 3215 380 3276 cui
403 3213 545 3290 truderet,
576 3234 788 3295 quoecumque
811 3234 866 3276 rex
889 3233 987 3294 pones
1010 3214 1117 3296 ipsum
1140 3238 1192 3281 re-

178 3300 339 3382 liquisset:
374 3300 484 3383 itaque
515 3299 662 3364 Mardum
694 3299 777 3364 datis
809 3299 978 3364 comitibus
1011 3301 1051 3364 ad
1082 3304 1192 3386 prodi-

142 3391 282 3455 4torem
311 3387 455 3451 remittit.
499 3387 558 3451 llle
586 3408 603 3450 e
629 3388 778 3453 manibus
807 3387 1056 3453 custodientium
1077 3390 1192 3474 lapsus

178 3474 372 3541 Damascum
408 3478 484 3539 ante
519 3475 622 3539 lucem
656 3476 767 3541 intrat.
826 3474 1028 3541 Turbaverat
1062 3497 1101 3541 ea
1136 3500 1193 3546 res
