2444 3908
134 174 197 239 178
504 176 534 241 Q.
554 175 664 231 cuum
681 177 768 230 RUFI

132 319 217 383 batis
245 319 362 405 acriter
388 320 503 403 pedem
528 320 646 385 inferre
674 323 856 404 coeperunt.
900 319 1068 405 Equitum
1097 320 1154 387 de·

132 407 205 470 inde
224 409 359 490 turmae,
379 429 460 491 quae
478 408 623 472 frenatos
641 408 807 472 habebant
825 428 937 492 equos,
955 406 1155 493 perfregere

131 495 342 560 barbarorum
361 496 476 560 aciem:
499 496 629 561 interim
647 497 747 560 ceteri
765 495 893 580 agmine
916 496 1153 563 dimicantium

80 594 112 642 11
131 583 211 647 teeti
230 588 381 668 aptavere
401 605 434 648 se
452 603 589 667 pugnae.
620 583 696 666 lpse
713 605 778 666 rex,
797 583 882 667 quod
899 582 1025 668 vigoris
1045 606 1088 656 ae

132 670 236 736 adhuc
259 672 385 754 corpori
407 672 529 750 deerat,
552 671 652 735 animi
669 671 824 736 firmitate
842 670 1026 755 supplebat
1108 695 1150 739 ox

133 759 335 826 adhortantis
363 782 430 824 non
450 762 579 843 poterat
602 758 706 824 audiri
727 759 872 824 nondum
893 759 975 823 bene
999 758 1150 829 obducta

80 857 113 905 12
132 848 280 913 cicatrice
296 849 437 931 cervicis,
456 848 512 912 sed
531 847 737 912 dimicantem
755 848 863 911 cuncti
875 846 1041 912 videbant
1080 848 1150 915 Ita·

131 958 192 1020 que
219 936 282 1021 ipsi
310 936 438 1020 quidem
465 936 583 1000 ducum
609 935 828 1020 fungebantur
853 933 960 999 officio
993 935 1147 1022 aliusque

132 1025 232 1088 alium
262 1024 426 1088 adhortati
454 1024 489 1087 in
517 1022 646 1088 hostem
672 1023 786 1088 salutis
813 1023 1020 1088 immemores
1048 1045 1146 1090 ruere

80 1115 313 1195 recaeperunt.
354 1111 437 1176 Tum
455 1132 531 1175 vero
553 1133 619 1176 non
642 1133 707 1190 ora,
729 1132 796 1176 non
818 1132 917 1193 arma,
934 1130 1003 1175 non
1022 1112 1146 1178 clamo·

131 1221 200 1263 rem
217 1199 361 1262 hostium
377 1198 510 1262 barbari
522 1198 664 1263 tolerare
682 1201 856 1282 potuerunt
870 1219 1047 1282 omnesque
1066 1201 1145 1265 effu-

132 1286 176 1350 sis
194 1285 328 1350 habenis
345 1321 383 1332 -
399 1307 538 1369 namque
553 1288 710 1370 equestris
726 1288 810 1351 acies
825 1289 895 1350 erat
909 1321 949 1332 —
966 1291 1147 1370 capessunt

131 1373 252 1458 fugam.
286 1371 373 1448 Quos
391 1394 461 1457 rex,
483 1395 678 1456 quamquam
695 1375 898 1439 vexationem
916 1374 1054 1439 invalidi
1073 1397 1144 1442 cor·

130 1461 217 1545 poris
237 1461 305 1543 pati
325 1482 391 1525 non
409 1463 551 1543 poterat,
574 1483 632 1544 per
647 1479 743 1526 uxxx
761 1465 871 1526 tamen
889 1463 995 1527 stadia
1013 1463 1144 1549 insequi

79 1558 112 1606 14
130 1549 356 1632 perseveravit.
399 1548 532 1632 Iamque
555 1549 720 1633 linquente
743 1551 851 1614 animo
874 1550 941 1614 suis
963 1552 1144 1636 praecepit,

130 1641 179 1714 ut,
209 1637 310 1701 donec
336 1636 417 1702 lucis
445 1637 567 1722 aliquid
595 1643 789 1720 superesset,
815 1637 1011 1723 fugientium
1038 1641 1143 1725 tergis

130 1726 347 1809 inhaererent3
369 1726 439 1810 ipse
463 1725 627 1790 exhaustis
652 1726 749 1790 etiam
773 1725 871 1789 animi
894 1726 1018 1792 viribus
1037 1727 1075 1792 in
1093 1749 1142 1794 ca-

79 1821 111 1870 15
132 1819 200 1879 stra
219 1837 252 1878 se
270 1814 393 1898 recepit
406 1814 515 1898 ibique
537 1813 690 1878 substitit.
726 1811 936 1878 Transierant
948 1814 1017 1878 iam
1031 1815 1144 1882 Liberi

130 1902 236 1968 Patris
272 1903 444 1985 terminos,
480 1923 616 1987 quorum
648 1904 855 1965 monumenta
887 1901 1014 1985 lapidos
1048 1908 1143 1970 erant

131 1992 234 2055 crebri
249 1991 428 2055 intervallis
442 1990 594 2072 dispositi
612 1990 804 2073 arboresque
823 2010 984 2073 procerae,
1002 2012 1142 2075 querum

78 2087 111 2135 16
130 2079 259 2162 stipites
279 2077 397 2142 hedera
415 2080 609 2142 contexerat.
649 2074 711 2140 Sed
729 2077 923 2142 Macedonas
940 2077 990 2142 ira
1008 2079 1142 2166 longius

129 2165 290 2248 provexit:
313 2165 430 2247 quippe
452 2164 559 2228 medie
580 2165 648 2228 fere
670 2167 763 2228 nocte
786 2169 820 2229 in
838 2167 946 2230 castra
963 2166 1143 2254 redierunt,

130 2252 242 2316 multis
255 2252 449 2334 interfectis,
466 2252 614 2334 pluribus
633 2252 750 2334 captis:
769 2274 931 2338 equosque
949 2271 977 2318 M
993 2258 1030 2320 et
1048 2272 1143 2324 Dccc

130 2342 275 2424 abegere.
327 2337 519 2404 Ceciderunt
548 2343 655 2403 autem
681 2337 894 2406 Macedonum
926 2341 1053 2426 equites
1085 2361 1143 2430 ux,

130 2429 256 2512 pedites
279 2445 299 2495 ο
320 2428 402 2513 fere,
424 2428 514 2492 mille
537 2427 637 2492 saucii
659 2426 797 2494 fuerunt.
1067 2450 1071 2455 ·

78 2526 110 2576 1⁷
217 2517 308 2582 Haeo
326 2517 486 2601 expeditio
504 2515 703 2581 deficientem
721 2537 841 2601 magna
859 2521 1010 2601 exparte
1024 2519 1144 2588 Asiam
1152 2523 1190 2590 38

129 2606 308 2671 famatam
332 2610 532 2689 opportunae
554 2604 708 2669 victoriae
726 2605 860 2670 domuit.
899 2605 1045 2672 Invictos
1064 2604 1143 2695 Sey

128 2693 203 2758 thas
231 2715 302 2758 esse
327 2693 541 2757 crediderant:
573 2691 690 2776 quibus
716 2691 827 2757 fractis
854 2693 978 2759 nullam
1005 2700 1145 2780 gentem

129 2779 340 2845 Macedonum
368 2781 466 2845 armis
493 2801 604 2864 parem
631 2780 700 2843 fore
728 2781 972 2847 confitebantur.
1021 2783 1145 2870 Itaque
1178 2832 1181 2839 -

130 2865 229 2932 Sacae
251 2869 367 2932 misere
391 2868 531 2952 legatos,
554 2866 608 2950 qui
630 2866 859 2950 pollicerentur
882 2873 1012 2954 gentem
1036 2871 1145 2958 impc-

78 2966 110 3016 18
129 2960 201 3019 rata
230 2955 398 3020 facturam.
447 2955 593 3020 Moverat
622 2976 677 3020 eos
704 2956 790 3040 regis
812 2978 878 3022 non
896 2957 999 3023 virtus
1022 2961 1146 3048 magis,

129 3065 226 3128 quam
253 3045 423 3109 clementia
445 3044 479 3108 in
502 3044 644 3108 devictos
667 3041 820 3126 Scythas:
851 3045 968 3129 quippo
991 3049 1145 3132 captivos

130 3153 239 3196 omnes
272 3132 342 3197 sine
373 3133 477 3216 pretio
510 3132 694 3214 remiserat,
725 3135 763 3196 ut
793 3132 889 3197 fidem
920 3132 1044 3200 faceret
1077 3137 1145 3204 sibi

129 3242 201 3285 cum
227 3220 436 3285 ferocissimis
464 3220 610 3304 gentium
638 3219 677 3282 de
703 3218 906 3306 fortitudine,
932 3242 999 3287 non
1025 3223 1069 3289 de
1090 3224 1146 3292 irc

76 3320 109 3371 19
128 3310 229 3374 fuisse
252 3313 423 3374 certamen.
462 3307 606 3392 Benigne
628 3308 729 3392 igitur
752 3309 894 3392 exceptis
914 3307 1073 3381 Sacarum
1093 3312 1145 3380 le-

128 3398 214 3483 gatis
242 3399 394 3463 comitem
415 3395 587 3480 Elpinicon
610 3394 705 3480 dedit,
728 3396 833 3461 adhuc
855 3396 1030 3463 admodum
1051 3400 1147 3469 iuve-

127 3507 215 3571 nem,
250 3487 366 3551 aetatis
393 3485 472 3550 flore
500 3484 707 3549 conciliatum
738 3484 815 3567 sibi,
847 3486 902 3568 qui
929 3505 1003 3551 cum
1028 3490 1147 3575 speeie

127 3575 271 3659 corporis
295 3576 449 3659 aequaret
466 3571 750 3658 Hephaestionem,
772 3571 802 3637 ei
824 3573 934 3656 lepore
951 3572 1042 3641 haud
1059 3596 1148 3645 cene
