2444 3908
302 115 556 170 HISTOBIARUM
573 115 789 170 ALEXANDRI
806 115 881 185 VIII,
901 122 925 172 1.
1052 118 1116 181 185

110 258 213 342 pressi
245 261 333 340 sunt,
362 279 500 342 quorum
532 259 621 323 clade
647 258 748 323 totius
775 259 918 343 regionis
943 248 1040 326 linita
1067 260 1117 326 de

110 347 208 410 fectio
223 350 280 411 est.
321 345 504 411 Alexander
518 367 644 430 quoque
659 345 829 430 Sogdianis
843 369 955 412 rursus
974 349 1116 415 subactis
1136 361 1151 411 τ

111 433 305 499 Maracanda
318 434 445 517 repetit.
481 433 532 498 lbi
546 429 675 518 Bendas,
694 456 789 518 quem
809 435 849 499 ad
864 434 1002 520 Scythas
1022 459 1118 521 super

111 521 293 605 Bosporum
325 522 468 586 colentes
499 522 646 605 miserat,
678 544 750 587 oum
782 523 900 607 legatis
933 526 1038 609 gentis
1068 547 1117 590 oc-

111 610 223 676 currit:
254 609 515 692 Phrataphernes
547 631 687 694 quoque,
717 611 773 694 qui
801 608 1001 677 Chorasmiis
1028 626 1153 697 prae-8

111 702 192 780 erat,
210 695 405 783 Massagetis
424 702 458 762 et
475 697 578 763 Dahis
596 698 767 782 regionum
785 700 923 763 confinio
943 701 1118 785 adiunctus,

110 786 253 870 miserat,
276 787 332 870 qui
349 786 511 850 facturum
528 787 687 869 imperata
704 787 942 869 pollicerentur.
979 785 1117 871 Scythae
1136 804 1152 852 9

109 873 273 959 patebant,
294 876 332 938 ut
353 875 440 957 regis
460 874 511 938 sui
528 874 631 938 filiam
648 875 856 939 matrimonio
875 876 939 939 sihi
957 875 1117 960 iungeret:

111 962 140 1026 si
159 960 387 1045 dedignaretur
406 962 614 1040 adfinitatem,
636 963 797 1046 principes
815 962 1027 1029 Macedonum
1046 986 1118 1028 cum

109 1049 305 1133 primoribus
329 1071 406 1114 suae
424 1050 531 1134 gentis
550 1050 686 1115 conubio
706 1051 792 1115 coire
809 1055 989 1134 pateretur:
1012 1053 1118 1135 ipsum

110 1158 238 1221 quoque
259 1156 370 1220 regem
392 1141 562 1202 venturum
585 1138 626 1202 ad
645 1159 719 1202 eum
736 1139 983 1222 pollicebantur.
1024 1139 1118 1205 Utra·
1139 1154 1172 1204 10

112 1247 173 1308 que
193 1225 357 1308 legatione
380 1226 518 1310 henigne
543 1227 653 1291 audita
670 1225 944 1310 Hephaestionem
967 1231 1000 1291 et
1022 1227 1117 1292 Arta·

111 1312 227 1376 barum
254 1313 422 1397 opperiens
450 1314 571 1380 stativa
596 1315 726 1379 hahuit:
753 1315 870 1400 quibus
897 1316 1057 1381 adiunctis
1084 1317 1120 1381 in

110 1401 289 1485 regionem,
311 1423 392 1486 quae
415 1402 597 1486 appellatur
619 1400 768 1488 Bazaira,
790 1405 946 1487 pervenit.

79 1507 101 1572 2
198 1488 362 1555 Barbarae
385 1490 570 1574 opulentiae
588 1491 628 1555 in
651 1492 718 1555 illis
741 1491 822 1556 locis
846 1491 930 1556 haud
954 1492 1021 1556 ulla
1044 1496 1119 1557 sunt
1138 1507 1170 1554 11

110 1577 235 1642 maiora
262 1577 395 1661 indicia,
426 1600 522 1661 quam
548 1580 677 1662 magnis
706 1581 891 1644 nemoribus
917 1580 1119 1663 saltibusque

110 1665 269 1730 nobilium
283 1665 423 1730 ferarum
438 1686 553 1749 greges
567 1666 657 1731 clusi.
682 1665 847 1750 Spatiosas
863 1668 978 1732 adhoc
992 1668 1119 1751 eligunt
1139 1682 1172 1729 m

112 1753 225 1831 silvas,
251 1752 371 1818 crebris
394 1754 582 1838 perennium
606 1775 760 1836 aquamm
783 1754 928 1818 fontibus
953 1777 1118 1819 amoenas:

110 1841 211 1903 muris
238 1862 371 1905 nemora
397 1842 569 1924 cinguntur
596 1845 766 1925 turresque
788 1841 909 1908 habent
931 1844 1118 1906 venantium

110 1929 321 2011 receptacula.
376 1926 535 2003 Quattuor
571 1929 731 1993 continuis
768 1929 929 1994 aetatibus
960 1930 1118 1994 intactum
1138 1945 1172 1992 13

112 2014 232 2079 saltum
258 2016 360 2080 fuisse
387 2016 571 2099 constabat,
604 2038 706 2100 quem¹
726 2016 911 2081 Alexander
943 2039 1015 2081 cum
1047 2020 1118 2082 toto

112 2105 254 2168 exercitu
276 2105 442 2188 ingressus
466 2104 586 2188 agitari
608 2105 749 2188 undique
771 2104 856 2168 feras
879 2106 984 2170 iussit.
1029 2105 1118 2170 [nter
1139 2121 1171 2168 14

112 2214 192 2276 quas
212 2213 283 2256 cum
301 2192 353 2257 leo
372 2192 603 2276 magnitudinis
626 2215 719 2257 rarae
737 2194 845 2277 ipsum
863 2213 973 2276 regem
992 2194 1118 2258 invasu·

110 2301 165 2344 rus
188 2281 374 2364 incurreret,
396 2281 480 2344 forte
502 2279 722 2365 Lysimachus
746 2283 801 2367 qui
823 2285 937 2366 postea
959 2283 1119 2366 regnavit,

111 2369 277 2450 proximus
291 2367 485 2452 Alexandro,
502 2370 697 2434 venabulum
717 2371 843 2434 obicere
858 2370 945 2433 ferae
960 2374 1118 2451 coeperat.

112 2453 182 2529 Quo
209 2477 266 2518 rex
293 2457 422 2539 repulso
451 2460 485 2520 et
512 2457 600 2521 abire
626 2458 715 2521 iusso
743 2458 861 2521 adiecit
883 2460 951 2520 tam
974 2479 994 2519 a
1017 2461 1119 2520 semet

110 2563 173 2607 uno
198 2565 294 2627 quam
318 2542 545 2627 aLysimaoho
568 2545 695 2608 leonem
717 2544 856 2607 interfici
879 2564 983 2625 posse.
1027 2542 1173 2628 Lysi-15

110 2630 244 2695 machus
265 2631 350 2695 enim
374 2629 544 2716 quondam,
567 2652 639 2696 cum
663 2633 835 2695 venaretur
857 2631 892 2693 in
911 2629 1014 2713 Syria,
1038 2631 1118 2695 occi-

111 2719 202 2783 derat
230 2719 359 2803 quidem
389 2719 524 2782 eximiae
546 2718 781 2802 magnitudinis
804 2718 907 2782 feram
931 2719 1033 2802 solus,
1065 2719 1118 2782 sed

111 2806 204 2871 laevo
222 2806 357 2870 humero
376 2828 477 2889 usque
496 2807 536 2870 ad
555 2829 629 2871 ossa
647 2808 787 2871 lacerato
808 2807 848 2871 ad
867 2806 1018 2871 ultimum
1036 2808 1119 2890 peri-

111 2894 176 2958 culi
198 2897 397 2976 pervenerat.
442 2893 479 2957 Id
506 2895 612 2977 ipsum
640 2896 836 2977 exprobrans
861 2898 890 2960 ei
913 2919 969 2960 rex
992 2896 1117 2977 fortine,
1139 2909 1171 2957 16

110 3002 207 3065 quam
231 2982 357 3045 locutus
377 2985 434 3063 est,
457 2982 546 3045 fecit:
569 3004 645 3045 nam
663 2983 767 3045 feram
785 3005 849 3047 non
869 2986 994 3066 excepit
1012 2985 1118 3066 modo,

111 3068 166 3134 sed
181 3069 281 3133 etiam
296 3090 359 3133 uno
373 3068 504 3132 vulnere
520 3071 643 3134 oceidit.
675 3070 841 3152 Fabulam,
860 3093 940 3153 quae
956 3073 1117 3135 obiectum
1139 3084 1171 3131 17

108 3158 196 3223 leoni
216 3181 235 3222 a
253 3177 331 3240 rega
349 3156 577 3241 Lysimachum
594 3161 713 3221 temere
732 3159 887 3241 vulgavit,
912 3160 951 3221 ab
977 3181 1013 3221 eo
1034 3182 1119 3240 casu,

71 3276 77 3288 ·
110 3269 206 3331 quem
225 3267 323 3329 supra
343 3245 491 3327 diximus,
515 3248 619 3309 ortam
639 3267 707 3309 esse
728 3246 925 3309 crediderim.
969 3246 1119 3308 Ceterum
1139 3257 1172 3304 18
1195 3242 1200 3251 '

108 3333 310 3417 Macedones,
334 3355 528 3417 quamquam
551 3355 705 3415 prospero
731 3339 845 3398 eventu
865 3334 1031 3396 defunctus
1053 3337 1122 3394 erat

110 3422 307 3503 Alexander,
336 3429 446 3485 tamen
474 3422 595 3485 scivere
624 3423 728 3505 gentis
758 3444 833 3485 suae
860 3444 963 3502 more,
995 3443 1035 3482 nc
1064 3425 1121 3482 aut

109 3507 207 3590 pedes
227 3513 396 3573 venaretur
417 3513 473 3574 aut
493 3510 560 3573 sine
580 3510 709 3574 delectis
726 3512 907 3594 principum
928 3513 1023 3590 atquo
1044 3509 1120 3571 ami-
