2444 3908
129 141 193 206 158
504 135 536 202 o.
556 134 665 191 cuam
682 135 768 189 aun

122 287 185 351 'nea
207 283 350 347 discussa
372 281 494 364 aperire
516 279 651 344 humum
674 278 791 361 coepit,
813 278 902 342 caelo
923 277 1053 361 solique
1071 277 1148 342 red·

77 387 109 435 11
129 374 256 438 duntur.
288 367 438 433 Ceterum
457 367 536 433 adeo
556 368 642 431 altae
660 367 749 430 nives
763 369 915 449 premunt
927 368 1052 429 terram
1066 367 1148 449 gelu

130 464 163 525 et
185 461 340 541 perpetuo
359 478 460 539 paene
478 456 585 540 rigore
604 454 807 536 constrictae,
829 458 866 519 ut
884 474 925 516 ne
943 453 1056 518 avium
1076 455 1148 537 qui·

129 547 202 611 dem
232 545 360 609 feraeve
391 544 490 609 ullius
524 544 699 627 vestigium
731 544 826 606 extet.
880 539 1027 606 Obscura
1060 541 1150 607 caeli

130 635 236 701 verius
264 634 379 697 umbra
407 654 504 716 quam
530 631 587 694 lux
613 629 701 695 nocti
728 630 844 694 similis
866 630 986 712 prem'it
1006 633 1149 715 terram,

78 739 110 788 12
129 723 183 788 vix
200 725 249 806 ut,
273 742 354 805 quae
373 741 474 804 prope
492 722 577 802 sunt,
595 717 738 799 conspici
755 717 893 801 possint
932 717 972 781 In
989 717 1055 783 hac
1072 716 1189 783 tum13

131 811 235 876 omnis
267 808 400 874 humani
433 807 540 872 cultus
571 805 744 871 solitudine
772 805 943 869 destitutus
971 805 1148 890 exercitus,

130 898 284 984 quidquid
311 897 470 961 malorum
497 894 629 960 tolerari
657 896 777 977 potest,
808 892 956 976 pertulit,
985 892 1147 977 inopiam,

79 1006 111 1054 13
131 987 246 1071 frigus,
259 985 493 1067 lassitudinem,
506 983 770 1067 desperationem.
806 979 928 1045 Multos
943 980 1147 1045 exanimavit

130 1075 221 1159 rigor
242 1072 392 1138 insolitus
420 1073 518 1136 nivis:
546 1072 722 1136 multorum
749 1069 874 1134 adussit
899 1068 1011 1152 pedes,
1041 1070 1146 1153 pluri·

131 1183 258 1227 morum
281 1159 400 1225 oculos.
446 1159 622 1241 Praecipue
649 1156 869 1242 perniciabilis
891 1156 955 1221 fuit
976 1156 1145 1242 fatigatis:

131 1249 250 1333 quippe
286 1248 321 1311 in
350 1247 424 1330 ipso
456 1247 532 1329 gelu
563 1245 744 1310 deficientia
775 1266 912 1327 corpora
942 1246 1146 1328 sternebant,

131 1357 213 1421 quae
236 1355 309 1399 cum
332 1334 455 1399 moveri
473 1333 643 1415 desissent,
665 1334 714 1397 vis
737 1333 868 1417 frigoris
890 1333 939 1397 ita
960 1332 1146 1418 adstringo·

80 1442 113 1490 14
131 1425 203 1506 bat,
230 1426 267 1486 ut
294 1443 405 1486 rursus
428 1422 469 1486 ad
493 1421 688 1505 surgendum
712 1421 812 1484 coniti
834 1426 901 1484 'non
922 1424 1068 1504 possent.
1114 1419 1146 1485 A

132 1510 405 1576 commilitonibus
441 1514 606 1593 torpentes
647 1507 871 1573 excitabantur
910 1529 1014 1592 neque
1057 1509 1147 1577 aliud

81 1616 113 1665 15
131 1598 309 1664 remedium
341 1601 424 1681 erat,
456 1620 553 1681 quam
583 1599 622 1660 ut
652 1597 779 1681 ingredi
807 1600 1008 1681 cogerentur.
1060 1596 1146 1662 Tum

132 1688 260 1789 demum
290 1685 382 1787 vitali
402 1688 520 1788 ‘calore
534 1689 641 1787 'moto
677 1685 831 1749 membris
864 1684 983 1785 aliquis
1014 1685 1147 1750 redibat

131 1771 415 1929 1131111111
432 1773 1146 1944 *stltaslllttutigdztlj⁰ltffl

81 1971 113 2018 16
132 1953 207 2016 ficia
228 1951 321 2015 nulla
343 1950 409 2015 alia
431 1973 483 2016 res
506 1972 602 2034 quam
620 1949 728 2013 fumus
747 1948 939 2013 ostenderet.
978 1948 1035 2013 Illi
1053 1971 1145 2014 num·

134 2062 231 2124 quam
261 2043 336 2103 ante
364 2039 400 2102 in
428 2038 524 2102 terris
552 2039 619 2101 suis
648 2037 770 2101 advena
796 2036 866 2100 viso
896 2058 969 2101 cum
999 2040 1145 2103 armatos

132 2130 264 2210 repente
302 2126 537 2208 conspicerent,
573 2125 748 2188 exanimati
780 2128 881 2208 metu,
918 2124 1077 2209 quidquid
1109 2125 1146 2189 in

133 2213 272 2295 tuguriis
296 2214 378 2288 erat,
405 2210 606 2295 adferebant,
633 2215 670 2276 ut
692 2211 880 2294 corporibus
903 2213 1049 2295 ipsorum
1071 2235 1146 2297 par-

82 2319 114 2367 11
134 2303 259 2365 caretur
277 2301 416 2363 orantes.
451 2298 521 2363 Rex
539 2319 655 2383 agmen
669 2299 860 2364 circumibat
875 2301 982 2384 pedes,
1000 2300 1146 2367 iacentes

135 2388 292 2473 quosdam
314 2387 440 2471 erigens
463 2390 497 2451 et
519 2387 610 2469 alios,
633 2408 706 2451 cum
728 2408 823 2471 aegre
847 2391 1069 2473 sequerentur,
1092 2389 1148 2455 ad-

135 2476 288 2541 miniculo
307 2474 454 2558 corporis
471 2475 521 2540 sui
540 2475 709 2557 excipiens.
749 2474 843 2540 Nunc
862 2476 903 2540 ad
920 2477 1027 2558 prima
1040 2477 1149 2562 signa

133 2586 219 2630 nunc
236 2565 271 2630 in
293 2564 408 2649 medic,
429 2584 514 2628 nunc
536 2564 572 2628 in
593 2563 708 2628 ultimo
732 2564 861 2647 agmine
884 2564 1012 2628 itineris
1034 2567 1149 2631 multi·

83 2670 115 2719 18
134 2655 253 2735 plicato
282 2653 394 2717 labore
422 2652 543 2717 aderat.
587 2651 731 2716 Tandem
757 2651 798 2715 ad
822 2651 894 2716 loca
915 2651 1056 2717 cultiora
1077 2675 1150 2737 per·

134 2744 266 2805 ventum
294 2743 345 2804 est
376 2744 620 2822 commeatuque
652 2740 744 2821 largo
776 2742 939 2804 recreatus
972 2741 1150 2808 exercitus:

136 2826 232 2892 simul
260 2829 305 2907 et,
333 2826 388 2910 qui
415 2827 568 2911 consequi
594 2848 661 2891 non
684 2831 871 2911 potuerant,
900 2827 935 2891 in
957 2827 1017 2893 illa
1039 2832 1152 2896 castra

135 2918 302 2979 venerunt.

83 3021 115 3070 19
224 3000 302 3066 Inde
321 3023 438 3087 agmen
456 3002 615 3087 processit
633 3002 673 3067 ed
689 2999 868 3067 Caucasum
884 3005 1038 3086 montem,
1057 3005 1151 3071 cuins
1162 3004 1191 3071 ll

135 3090 266 3154 dorsum
285 3090 400 3156 Asiam
418 3094 572 3176 perpetuo
591 3091 668 3175 iugo
687 3090 813 3155 dividit:
836 3091 912 3155 binc
931 3091 1029 3156 simul
1047 3114 1152 3178 mare,

136 3178 222 3262 quod
245 3177 393 3244 Ciliciam
420 3181 509 3245 subit
534 3184 563 3246 et
583 3179 725 3244 Rubrum
752 3199 850 3257 more,
878 3179 967 3243 illinc
991 3176 1153 3265 Caspium

135 3266 253 3332 fretum
285 3271 318 3332 et
350 3289 477 3332 amnem
509 3267 640 3333 Araxen
672 3266 801 3350 aliaque
832 3267 963 3352 regione
991 3263 1153 3352 Scythiae

83 3375 117 3425 ao
136 3356 265 3421 deserta
283 3359 416 3440 spectat.
457 3355 592 3441 Taurus,
614 3356 773 3421 secundae
791 3355 1025 3440 magnitudinis
1043 3378 1154 3444 mous,

136 3444 350 3510 committitur
374 3441 532 3509 Caucaso:
561 3467 581 3509 a
603 3443 809 3528 Cappadocia
832 3464 866 3508 se
890 3442 1047 3510 attollens
1070 3443 1160 3513 0111-

83 3534 219 3600 erciam
251 3533 407 3617 praeterit
435 3532 671 3616 Armeniaeque
701 3533 867 3598 montibus
895 3531 1051 3616 iungitur.
1099 3534 1155 3602 Sic
