2444 3908
317 123 572 179 HISTORIARUM
589 122 803 178 ALEXANDRI
821 122 855 186 X,
873 128 898 177 t.
917 129 942 178 6.
1065 122 1130 186 275

121 267 247 331 nisiex
269 267 426 350 permisso
450 268 601 350 voluptas
624 303 667 314 -
693 268 842 351 ingentes
867 267 1013 351 profecto
1036 268 1129 332 dotes

123 358 223 419 erant.
259 353 320 418 Illa
341 355 504 421 fortunae:
528 354 576 418 dis
596 377 733 439 aequare
751 377 785 420 se
804 359 837 418 et
856 356 1009 420 caelestes
1029 355 1128 420 hono·
1147 366 1181 414 33

121 464 173 506 res
197 462 358 506 accersere
382 446 415 507 et
436 443 516 507 talia
544 443 752 507 suadentibus
782 443 920 507 oraculis
947 443 1075 507 credere
1098 447 1131 506 et

122 530 370 614 dedignantibus
398 530 544 594 venerari
571 530 678 613 ipsum
705 530 925 594 vehementius
951 552 1047 614 quam
1060 548 1130 615 'par

122 623 209 682 esset
238 618 347 701 irasci,
378 618 412 681 in
444 622 610 682 externum
646 618 793 682 habitum
830 622 955 683 mutare
987 619 1129 701 corporis

122 706 258 788 cultum,
280 706 403 770 imitari
426 706 624 770 devictarum
648 706 793 790 gentium
813 727 932 788 mores,
956 727 1036 788 quos
1055 710 1129 769 ante

120 794 290 858 victoriam
310 797 483 876 spreverat.
518 793 588 858 Iam
606 794 805 858 iracundiam
822 797 855 857 et
869 793 1048 877 cupidinem
1063 793 1130 857 vini
1147 804 1182 851 34

122 882 217 945 sicuti
237 881 369 944 iuventa
386 881 584 965 irritaverat,
607 882 654 945 ita
672 884 818 946 senectus
840 881 991 966 mitigare
1009 881 1129 964 potuis-

122 973 181 1033 set.
220 967 400 1033 Fatendum
422 973 472 1033 est
494 973 617 1051 tamen,
644 991 717 1034 cum
744 969 919 1053 plurimum
942 969 1055 1033 virtuti
1078 968 1129 1031 de·
1148 977 1181 1026 35

121 1057 241 1137 buerit,
271 1057 345 1139 plus
373 1056 520 1120 debuisse
546 1057 711 1142 fortunae,
743 1079 841 1141 quam
869 1058 956 1122 solus
987 1056 1130 1121 omnium

122 1145 309 1209 mortalium
327 1144 361 1208 in
378 1147 542 1227 potestate
555 1144 679 1210 habuit.
716 1143 871 1220 Quotiens
885 1146 976 1209 illum
992 1167 1011 1208 a
1025 1148 1130 1209 morte

122 1232 299 1296 revocavit!
319 1233 466 1316 quotiens
486 1236 606 1297 temere
624 1233 659 1297 in
674 1234 818 1315 pericula
831 1236 959 1297 vectum
973 1236 1130 1316 perpetua

122 1320 279 1384 felicitate
310 1321 466 1403 protexit!
507 1321 603 1386 Vitae
635 1342 760 1405 quoque
791 1321 887 1386 finem
917 1320 1051 1385 eundem
1078 1320 1127 1384 illi
1147 1328 1181 1376 36

124 1429 218 1491 quem
255 1408 378 1493 gloriae
410 1408 532 1473 statuit.
581 1409 801 1491 Expectavere
835 1431 908 1473 eum
938 1409 1021 1493 fata,
1054 1408 1130 1471 dum

124 1494 255 1559 Oriente
278 1496 458 1578 perdomito
483 1495 633 1579 aditoque
652 1496 792 1580 Oceano,
814 1496 970 1581 quidquid
988 1495 1131 1560 mortali-

122 1586 175 1647 tas
199 1583 360 1667 capiebat,
382 1584 529 1666 inpleret.

210 1668 295 1734 Huic
330 1671 401 1753 regi
433 1669 568 1753 ducique
601 1691 764 1736 successor
795 1671 1017 1756 quaerebatur.
1068 1667 1130 1735 Sed
1149 1676 1179 1726 3²

123 1758 228 1822 maior
250 1758 352 1822 moles
375 1761 458 1835 erat,
484 1780 581 1841 quam
608 1762 646 1823 ut
672 1779 753 1821 unus
782 1759 888 1823 subire
911 1779 982 1822 eam
1005 1762 1130 1841 posset:

122 1846 231 1929 itaque
258 1865 374 1909 nomen
403 1866 528 1929 quoque
554 1846 621 1909 eius
649 1849 682 1910 et
708 1846 795 1910 fama
821 1867 929 1911 rerum
961 1845 995 1909 in
1025 1848 1131 1909 totum

123 1932 354 2017 propemodum
382 1933 493 1998 orbem
522 1954 615 2018 reges
643 1955 680 1997 ac
707 1953 807 2016 regua
840 1933 965 1997 diffudit
994 1932 1131 1997 clarissi-

125 2021 231 2105 mique
262 2023 338 2085 sunt
365 2019 483 2102 habiti,
516 2023 571 2106 qui
604 2021 700 2086 etiam
729 2021 881 2086 minimae
907 2022 992 2103 parti
1020 2024 1130 2087 tantae

124 2108 274 2175 fortunae
297 2107 522 2174 adhaeserunt.

549 2265 628 2333 Ore.
651 2267 707 2333 VI.

73 2372 114 2437 19
212 2370 364 2439 Ceterum
382 2373 549 2457 Babylone
567 2408 610 2419 -
624 2371 697 2436 inde
712 2371 798 2436 enim
817 2371 954 2437 devertit
969 2372 1073 2436 oratio
1089 2407 1129 2419 —
1151 2377 1164 2428 ἰ

126 2460 268 2543 corporis
297 2461 364 2525 eius
392 2461 540 2525 custodes
562 2461 597 2524 in
623 2459 748 2543 regiam
770 2459 931 2542 principes
956 2458 1131 2523 amicorum

125 2548 284 2632 ducesque
321 2548 485 2630 copiarum
518 2547 721 2613 advocavero.
771 2543 888 2611 Secuta
914 2550 965 2610 est
992 2547 1132 2611 militum

123 2637 221 2701 turba
252 2634 449 2719 cupientium
480 2636 574 2713 scire,
604 2635 639 2699 in
671 2656 765 2718 quem
798 2634 974 2699 Alexandri
1000 2634 1130 2700 fortuna

125 2728 211 2788 esset
236 2724 423 2788 transitura.
467 2721 564 2787 Multi
592 2723 687 2788 duces
714 2722 896 2807 frequentia
918 2722 1061 2787 militum
1081 2733 1165 2788 err-2

125 2811 206 2874 clusi
237 2810 362 2895 regiam
393 2811 515 2875 intrare
545 2832 611 2875 non
638 2813 802 2894 poterant,
833 2831 906 2875 cum
933 2832 1049 2895 praeco
1079 2834 1131 2876 ex·

125 2898 1165 3071 tttffitettdtttttattatttttddffldftttttt

124 3072 262 3137 eiulatus
289 3073 404 3159 ingens
430 3075 640 3158 ploratusque
661 3076 835 3140 renovatus
859 3079 921 3159 est,
948 3074 1062 3139 deinde
1083 3075 1131 3139 fu·

124 3161 191 3225 turi
214 3161 394 3245 expectatio
417 3161 566 3227 inhibitis
583 3160 725 3227 lacrimis
743 3162 908 3229 silentium
925 3162 1012 3227 fecit.
1042 3162 1132 3225 Tunc
1150 3171 1166 3217 4

125 3249 278 3317 Perdicca
300 3251 391 3335 regia
412 3250 492 3315 sella
513 3249 549 3315 in
569 3252 777 3334 conspectum
798 3252 888 3335 volgi
905 3250 995 3329 data,
1016 3250 1048 3313 in

125 3337 272 3403 diadema
290 3338 453 3423 vestisque
471 3336 647 3403 Alexandri
664 3360 738 3403 cum
755 3339 855 3405 armis
874 3341 980 3419 crant,
999 3360 1026 3399 cu

124 3424 186 3489 sibi
204 3426 307 3509 pridie
325 3426 485 3492 traditum
502 3448 523 3493 a
539 3446 617 3513 rege
634 3426 669 3491 in
687 3426 800 3491 eadem
819 3426 893 3491 sede
910 3426 1013 3508 posui!

122 3534 196 3578 rum
223 3514 378 3599 adspectu
405 3536 517 3581 rursus
540 3514 673 3581 0boru-·-
699 3516 845 3579 r¹¹unibus
872 3512 1001 3578 lacrim:

916 3616 969 3671 is*
