2444 3908
294 146 546 202 HISTORIARUM
564 144 779 200 ALEXANDRI
797 146 831 216 X,
849 153 875 202 4.
1023 146 1087 210 271

81 291 186 355 urbem
212 291 299 355 uellet
323 291 451 372 inqredi.
502 287 684 371 Conpertum
711 296 741 355 et
764 291 824 356 sibi
849 311 888 356 ca
915 288 1090 369 Olmldaeis,

81 380 136 460 qui
162 379 268 443 multis
294 380 361 442 iam
382 378 629 460 praedictionum
655 378 806 443 eventibus
832 381 910 444 artis
935 400 1009 444 snae
1030 400 1090 444 cer·

82 468 242 531 titudinem
264 466 383 531 abunde
406 466 623 547 probavissent.
667 465 735 531 Rea
755 467 845 547 fama
867 487 971 532 eorum
992 468 1090 532 borni

80 576 158 618 num
184 556 392 635 constantique
413 556 637 619 adseueratione
658 559 758 619 motus
782 556 917 619 dimissis
934 557 969 620 in
986 556 1090 620 urbem

81 644 251 707 amicornm
277 643 433 724 plerisque
463 643 529 706 alia
558 643 610 706 uia
635 647 759 723 praeter
785 643 977 724 Babylonem
1007 645 1090 708 dulcit

80 751 118 794 ac
141 731 277 795 dumentis
298 731 370 794 inde
386 731 496 794 stadiis
513 731 626 795 statiua
644 731 729 795 locat.
767 729 829 796 Sed
844 731 884 795 ab
901 731 1090 796 Anaxarcho

74 817 256 900 pbilosopbo
279 820 397 882 edoctus
420 819 593 899 contemptis
612 817 840 883 Chaldaeorum
864 821 998 896 monitis,
1020 839 1091 900 quo

80 927 153 970 rum
179 907 375 988 disciplinam
402 907 527 970 inanem
553 911 610 970 aut
632 926 851 988 superuacuam
873 907 1091 984 arbitrabatur,

80 994 186 1059 urbem
207 995 314 1059 intrat.
350 994 530 1076 Leqationes
551 1014 585 1058 eo
607 1014 643 1058 en
665 995 805 1059 uniuerso
821 995 917 1075 ferme
934 996 1003 1059 orbe
1024 1016 1091 1059 con-

80 1083 247 1164 tlunerant.
298 1081 414 1161 (ludus
439 1101 498 1162 per
527 1082 694 1162 conrplures
724 1084 789 1147 dies
815 1084 948 1148 studiose
975 1085 1092 1148 auditis

81 1171 220 1252 deinceps
237 1171 280 1233 ad
295 1170 531 1252 Hepbaestionis
548 1171 689 1251 exequias
706 1171 816 1235 adiecit
828 1172 978 1235 animum.
1007 1171 1091 1250 (lurae

80 1278 200 1323 mmmo
220 1259 358 1322 omnium
375 1259 475 1322 studio
504 1258 543 1320 ‘ta
565 1258 727 1322 celebratae
748 1264 835 1341 sunt,
856 1265 893 1323 ut
912 1260 1032 1324 nullius
1049 1262 1092 1324 ad

80 1348 117 1410 id
138 1351 255 1427 tempus
281 1347 361 1428 repis
385 1346 500 1426 feralia
525 1347 736 1427 maqnitudine
761 1352 938 1429 sumptuum
956 1367 1090 1429 appara-

82 1420 188 1516 cosme
210 1434 376 1498 celebritate
397 1454 460 1497 non
479 1434 613 1498 uicerint.
648 1434 726 1499 Post
745 1433 817 1500 baec
839 1437 947 1517 cupido
969 1437 1093 1500 incessit

81 1524 146 1605 reqi
170 1542 229 1604 per
251 1521 451 1603 Pallacopam
473 1542 595 1586 amnem
619 1523 662 1586 ad
681 1522 824 1586 Arabum
846 1525 982 1607 confinia
1004 1525 1090 1587 nani-

77 1612 194 1693 pandi:
216 1631 275 1692 quo
293 1611 423 1693 delatus,
440 1610 511 1673 urbi
528 1611 698 1674 condendae
715 1611 871 1675 commoda
888 1613 955 1676 sede
972 1617 1091 1692 reperta

83 1697 271 1762 Gramorum
289 1704 387 1762 aetate
404 1703 460 1762 aret
472 1698 647 1761 uolneribus
660 1698 813 1762 invalidos
826 1703 862 1781 et,
879 1701 908 1764 si
921 1700 976 1780 qui
988 1705 1091 1780 spome

82 1791 304 1864 remanserant,
331 1785 375 1850 ibi
401 1786 543 1850 conlocat.
582 1785 697 1865 Quibus
720 1805 756 1849 ea
776 1787 926 1851 sententia
947 1789 1092 1867 perfectis

81 1875 148 1938 iam
163 1875 266 1954 futuri
282 1894 405 1939 securus
428 1872 600 1938 Chaldaeos
618 1872 779 1951 inridebat,
800 1875 882 1954 quod
898 1874 1091 1956 Babylonem

82 1981 145 2026 non
171 1963 324 2044 inpressas
351 1966 470 2026 tantum
497 1966 572 2025 esset
595 1961 770 2042 incolumis,
796 1981 900 2026 cuum
926 1963 1020 2025 etiam
1042 1983 1091 2026 ea-

83 2051 224 2114 cessisset.
262 2051 309 2115 At
324 2070 392 2114 uero
409 2050 568 2113 reuertenti
584 2069 643 2130 per
659 2049 803 2130 paludes,
821 2069 899 2131 quas
916 2050 1092 2131 Eupbrates

85 2139 119 2202 in
140 2137 340 2220 Pallacopam
363 2137 478 2216 effltsns
499 2137 600 2219 efficit,
620 2137 744 2216 foedum
766 2157 853 2201 omen
880 2137 1013 2202 oblatum
1040 2144 1091 2203 est.

85 2225 201 2307 Quippe
225 2228 309 2290 rami
335 2228 461 2306 desuper
486 2226 680 2307 inpendentes
704 2226 871 2289 detractum
894 2226 989 2307 cupiti
1009 2228 1092 2308 reqio

83 2316 225 2378 diadema
245 2315 440 2394 proiecerunt
454 2315 501 2378 *in
526 2314 644 2394 (lucinis.
681 2311 759 2377 Oum
786 2315 892 2378 deinde
913 2315 980 2378 alia
1001 2335 1092 2397 super

82 2402 150 2465 alia
170 2403 345 2483 prodiqiosu
366 2406 396 2466 et
415 2402 551 2465 minacia
570 2401 802 2484 nuntiarentur,
823 2404 1031 2482 procurandis
1047 2404 1092 2468 eis
1177 2437 1183 2450 ν

84 2488 201 2553 arma
223 2489 318 2553 simul
341 2489 528 2570 barbaroque
549 2490 614 2553 ritu
636 2490 781 2553 continua
803 2490 994 2567 sacrosacta
1012 2495 1092 2555 silut.

84 2577 189 2658 Neque
221 2581 323 2640 tamen
353 2577 474 2657 copiari
494 2582 711 2658 praeterquam
737 2581 832 2640 morte
857 2578 938 2658 repis
960 2582 1091 2659 potuere.

85 2665 147 2744 Qui
172 2685 241 2730 oum
264 2663 440 2728 Nearchum
467 2666 626 2746 cacemssct
651 2665 786 2728 conuicio
812 2665 934 2746 iamque
960 2666 1093 2729 cubitum

82 2754 185 2818 iturus
211 2757 298 2835 esset,
324 2752 426 2816 Medii
451 2752 609 2817 Larissaei
636 2753 758 2816 obniais
773 2753 915 2833 precibus
942 2755 1035 2835 dedit,
1057 2759 1094 2818 ut

83 2843 126 2906 ad
151 2861 220 2906 eum
246 2841 441 2905 comissatum
467 2841 587 2904 ueniret.
638 2840 701 2906 Ubi
726 2845 891 2922 postquam
920 2846 982 2906 tota
1009 2847 1093 2906 node

77 2930 262 3010 perpotavit,
285 2930 365 2992 male
386 2927 493 2992 babere
514 2930 616 3009 coepit.
655 2928 871 3009 Inqraoescens
890 2930 995 2993 deinde
1012 2951 1092 2993 nior-

84 3016 139 3080 bus
161 3018 234 3080 adeo
257 3037 359 3080 omnes
380 3017 459 3080 uires
480 3016 567 3080 intra
588 3021 706 3080 seatium
729 3018 807 3080 diem
831 3017 979 3099 eabausit,
1002 3023 1036 3081 ut
1055 3038 1094 3080 ue

83 3105 164 3169 uocis
189 3106 311 3186 quidem
333 3108 467 3186 potestas
491 3109 572 3168 esset.
610 3103 733 3167 Interea
756 3106 867 3169 milites
889 3107 1094 3169 sollicitudine

83 3193 288 3275 desiderioque
318 3193 384 3256 eius
414 3192 517 3274 annii,
548 3212 733 3272 quamquam
766 3193 978 3257 obtestantibus
1009 3195 1092 3257 (licoi-

83 3281 151 3364 bus,
178 3303 217 3346 ne
238 3281 438 3345 ualitudinem
460 3280 539 3360 repis
562 3285 733 3362 cremarent,
757 3287 978 3362 expresserunt,
1001 3287 1036 3343 ut
1060 3282 1092 3342 ln

82 3375 270 3453 conspectum
292 3369 357 3433 eins
379 3369 618 3434 admitterentur.
