2444 3908
119 2451 145 2491 -lr

181 126 224 190 46
553 126 584 192 Q.
604 126 713 182 CUBTI
730 127 818 182 RUFI

603 339 681 405 011.
702 339 758 405 VI.

147 467 159 514 1
268 445 392 510 Dareus
415 446 583 530 desperata
605 468 692 529 pace,
711 469 807 529 quam
829 469 887 530 per
904 447 1029 511 litteras
1048 446 1222 531 legatos-2

180 556 241 618 que
273 534 430 617 inpetrari
461 556 556 617 posse
588 535 778 617 crediderat,
814 535 854 598 ad
880 534 1078 618 reparandas
1106 535 1198 600 vires

145 622 362 706 abellumque
384 623 521 723 impigre
543 622 764 686 renovandum
784 622 923 686 intendit
940 623 1096 686 animum.
1127 620 1198 687 Du·

180 730 232 774 ces
253 731 329 794 ergo
349 711 515 811 copiarum
528 709 743 793 Babyloniam
757 711 937 793 convenire,
958 709 1099 773 Bessum
1114 732 1198 794 quo·

180 819 255 883 que,
286 798 393 863 Bact
353 802 532 862 tnanorum
560 799 755 880 praetorem,
787 819 884 880 quam
911 797 1050 862 maximo
1079 802 1199 881 posset

145 887 320 953 311111111
343 890 467 969 coacto,
497 886 685 949 descendere
713 885 754 949 ad
777 906 810 949 se
833 885 930 949 iubet
975 882 1059 949 Sunt
1082 889 1199 951 autem

179 973 345 1038 Bactriani
367 974 452 1037 inter
474 974 545 1037 illas
569 977 681 1056 gentes
704 977 834 1056 prompt
835 973 950 1056 issimi,
975 972 1198 1039 horridisin·

181 1062 283 1146 geniis
305 1063 388 1125 mult
374 1065 505 1144 tumque
526 1061 733 1124 1Ρ111111111
752 1062 829 1124 luxu
848 1060 1114 1125 abhorrentibus.
1140 1063 1198 1127 siti

179 1149 266 1213 haud
293 1151 405 1233 procul
428 1146 615 1230 Scytharum
641 1149 884 1213 bellicosissima
911 1151 1006 1232 gente
1033 1151 1068 1211 et
1094 1153 1199 1233 rapto

147 1237 286 1302 1111111
319 1237 451 1299 adsueta
433 1256 607 1319 asemper
637 1237 673 1300 in
704 1237 801 1300 armis
834 1239 935 1300 erant.
980 1232 1042 1299 Sed
1070 1234 1199 1303 Bessus

180 1327 330 1406 suspecta
351 1323 485 1406 perfidia
506 1323 594 1387 haud
617 1345 694 1387 sane
718 1345 820 1407 aequo
844 1324 951 1388 animo
983 1323 1019 1386 in
1047 1324 1199 1391 secundo

181 1432 214 1475 se
237 1411 405 1475 continens
429 1409 530 1494 gradu
557 1432 667 1495 regem
688 1412 844 1475 terrebat:
867 1434 943 1475 nam
961 1433 1033 1475 cum
1050 1432 1199 1496 regnum

180 1497 368 1582 adfectaret,
399 1498 553 1582 proditio,
586 1521 649 1581 qua
676 1500 746 1563 1111
767 1499 801 1562 id
824 1499 956 1582 adsequi
977 1502 1123 1585 poterat,
1155 1502 1198 1567 11-

179 1586 334 1649 mebatur.

146 1690 161 1739 5
270 1671 419 1737 Ceterum
445 1674 639 1756 Alexander,
671 1695 767 1756 quam
792 1674 957 1758 regionem
980 1675 1106 1740 Dareus
1138 1698 1198 1761 pe·

179 1761 286 1844 tisset,
322 1762 410 1827 omni
447 1782 522 1825 cura
557 1762 736 1845 vestigans,
776 1766 884 1826 tamen
919 1764 1086 1845 explorare
1123 1786 1198 1831 non

179 1853 308 1933 poterat
338 1871 427 1915 more
460 1849 598 1934 quodam
626 1849 797 1914 Persarum
824 1871 940 1914 arcana
966 1871 1081 1934 regum
1109 1853 1199 1918 mira

146 1939 286 2003 stcelan
287 1939 354 2002 ium
384 1939 456 2002 fide.
500 1936 577 2002 Non
603 1959 653 2000 me
655 1940 721 2019 t,us
754 1959 821 2002 non
849 1959 920 2019 spes
953 1938 1038 2001 elicit
1067 1960 1188 2006 vocem

181 2049 245 2109 qua
266 2026 405 2109 prodant
405 2049 444 2090 ur
467 2026 600 2089 1111111.
644 2023 709 2088 Vet
695 2028 746 2088 tus
770 2025 936 2107 disciplina
958 2045 1071 2124 regum
1096 2027 1198 2094 silen-

180 2115 260 2176 tium
289 2115 373 2178 vitae
401 2113 542 2196 periculo
571 2115 734 2174 sanxerat
765 2111 877 2194 lingua
900 2113 1027 2195 gravius
1051 2115 1199 2217 castiga·

180 2204 247 2282 tur,
279 2221 374 2282 quam
402 2200 503 2262 ullum
531 2198 697 2280 probrum,
725 2220 784 2262 nec
810 2220 963 2300 magnam
988 2221 1056 2263 rem
1084 2206 1199 2288 magis

181 2250 333 2351 sustineri
363 2307 458 2368 posse
490 2286 623 2349 credunt
653 2287 693 2349 ab
722 2308 773 2370 eo,
805 2287 856 2350 cui
883 2290 987 2352 tacere
1015 2309 1117 2372 grave
1142 2293 1199 2377 sit,

147 2375 267 2458 vquod
302 2374 432 2442 homini
460 2373 647 2438 facillimum
683 2375 820 2439 voluerit
855 2397 924 2439 1111
959 2380 1086 2441 natura.
1143 2378 1222 2445 Ob

178 2463 263 2528 hanc
293 2485 423 2528 causam
445 2462 626 2526 Alexander
653 2464 810 2547 omnium,
842 2486 924 2547 quae
953 2464 1037 2547 apud
1060 2463 1198 2533 hostem

181 2552 407 2636 gererentur,
398 2572 530 2636 ignarus
554 2551 665 2614 urbem
688 2549 806 2614 Gazam
829 2552 1005 2616 obsidebat.
983 2552 1199 2621 tPraeerat

180 2640 252 2703 urbi
274 2639 379 2722 Betis,
411 2639 545 2703 eximiae
573 2639 608 2701 in
635 2660 744 2723 regem
768 2661 860 2703 suum
882 2639 970 2723 fidei,
999 2640 1197 2727 modicoque

1190 1993 1199 2027 7

12 2772 15 2777 -
146 2727 339 2809 apraesidio
368 2749 477 2790 muros
504 2726 646 2809 ingentis
674 2727 779 2810 operis
802 2728 961 2791 tuebatur.
1006 2726 1198 2797 Alexander

180 2817 249 2877 aest
235 2815 348 2877 timato
375 2813 519 2878 locorum
547 2813 589 2877 sit
575 2817 611 2876 tu
639 2815 692 2896 agi
719 2815 882 2879 cuniculos
904 2815 1011 2898 iussit,
1039 2815 1132 2880 facili
1155 2839 1197 2885 ao

179 2902 242 2965 levi
269 2901 367 2965 humo
392 2904 579 3002 acceptante
562 2902 763 2965 soccultum
786 2924 879 2986 opus:
912 2902 1029 2986 quippe
1052 2905 1197 2972 multam

179 2990 334 3053 harenam
369 2989 510 3053 vicinum
542 3011 629 3053 mare
661 2991 792 3073 evomit,
828 3011 887 3054 nec
919 3012 996 3054 saxa
1028 2994 1197 3079 cotesque,

145 3095 160 3143 9
181 3099 262 3162 quae
285 3077 491 3160 interpellent
513 3098 639 3178 specus,
662 3039 802 3142 11111111.
837 3077 941 3161 Igitur
963 3078 1003 3141 ab
1027 3098 1065 3141 ea
1086 3085 1197 3168 parte,

180 3188 276 3250 quam
308 3165 462 3266 oppidani
493 3165 676 3248 conspicere
706 3187 773 3229 non
799 3169 945 3248 possent,
977 3187 1057 3247 opus
1086 3188 1197 3255 orsus,

179 3258 216 3317 ut
238 3277 258 3317 a
278 3275 374 3318 sensu
394 3253 461 3317 eius
480 3256 645 3337 averteret,
667 3257 770 3317 turres
789 3252 890 3316 muris
909 3253 1072 3317 admoveri
1089 3220 1197 3324 iubet.

51 3374 53 3381 ·
180 3339 242 3405 Sed
271 3343 382 3406 eadem
412 3341 542 3423 humus,
578 3304 743 3406 modendis
770 3341 936 3405 inutilist
921 3341 1081 3425 turribus,
1107 3342 1196 3410 desi-

180 3431 274 3494 dente
303 3430 416 3495 sabulo
445 3429 556 3513 agilita
522 3431 696 3492 tattem
644 3433 696 3493 rot
698 3452 789 3493 111111
811 3432 937 3493 morata
961 3426 1016 3515 [et]
1040 3430 1197 3499 tabulata

178 3520 314 3584 turrium
341 3517 574 3602 perfringebat,
606 3517 761 3600 multique
784 3518 1036 3582 vulnerabantur
1057 3517 1196 3606 inpune,
