2444 3908
109 114 174 177 262
479 113 511 179 Q.
531 113 640 168 CURTI
657 114 745 168 RUFI

108 261 193 341 isque
219 263 248 324 el
270 258 422 339 pecuniis,
449 277 526 338 quos
553 258 724 341 adduceret,
753 278 858 323 coram
884 258 1027 338 inspectis
1053 278 1131 338 pro-

110 348 193 411 tinas
218 366 308 410 orrno
330 347 515 427 consilioque
541 346 709 410 sociaturos
735 367 803 411 esse.
853 345 940 410 Nom
961 346 1051 426 opseri
1068 366 1129 427 po-

103 435 216 517 pulum
248 435 422 515 imperitum
449 439 478 497 et
502 433 642 498 mobilem
666 454 726 515 per
751 434 886 500 homiues
912 433 1072 515 improbos
1100 438 1131 498 et

109 523 246 587 oooro’tio
266 523 385 587 uenales
407 521 513 587 omnio
529 541 561 586 se
578 522 755 586 malacrc'boe
773 525 1002 587 consecutorum
1020 522 1129 586 existi

108 611 221 674 motat.

543 764 623 832 One.
645 765 687 832 Π.

76 887 90 934 1
199 873 303 958 Igitur
326 891 400 938 xxx
422 873 559 936 navibus
588 870 722 936 Sunium
745 875 972 938 transmittunt
994 910 1032 921 -
1052 876 1155 958 prol

111 962 311 1026 munturium
334 964 385 1024 est
411 960 541 1025 Atticae
567 963 741 1024 terrae-
760 960 845 1025 unde
872 965 1003 1044 portum
1031 964 1127 1028 urbis

76 1055 219 1134 apetere
248 1049 463 1114 decreverant
512 1047 573 1112 His
598 1048 736 1132 cognitis
763 1069 820 1113 rex
847 1047 993 1132 Harpalo
1023 1050 1127 1116 Athe·

110 1138 338 1220 niensibusque
361 1137 452 1200 iuxta
470 1135 607 1200 infestus
627 1137 762 1202 classem
785 1139 893 1220 parari
910 1137 1003 1202 iubet
1021 1138 1127 1203 Athe-

76 1239 170 1290 enas
182 1225 340 1307 xprotinus
358 1224 530 1306 petiturus.
568 1223 661 1299 Quod
681 1224 850 1289 consilium
874 1225 958 1289 clam
982 1227 1127 1309 agitanti

110 1313 239 1377 litterae
262 1311 447 1393 redduntur,
469 1311 649 1393 Harpalum
667 1313 806 1376 intrasse
825 1312 954 1395 quidem
972 1313 1126 1380 Athenas

110 1421 147 1466 oo
164 1399 301 1483 pecunia
318 1398 505 1463 conciliasse
520 1398 582 1461 sibi
601 1398 783 1483 principum
797 1401 937 1484 animos,
954 1423 1031 1465 mox
1051 1424 1127 1467 eon·

111 1488 186 1552 cilio
214 1487 320 1570 plebis
348 1486 461 1550 habito
490 1487 613 1550 iussum
638 1487 718 1551 urbe
742 1488 891 1552 excedere
915 1488 956 1553 ad
979 1487 1125 1557 Graecos

111 1575 231 1639 milites
263 1575 461 1659 pervenisse,
493 1573 608 1658 quibus
640 1574 854 1659 interceptum
881 1577 1082 1642 trucidatum
1106 1601 1127 1643 a

76 1676 93 1724 4
112 1663 252 1747 quodam
270 1662 435 1726 Thibrone
452 1684 510 1746 per
528 1662 671 1726 insidias.
704 1662 764 1727 His
783 1664 889 1728 laetus
907 1665 943 1727 in
956 1665 1128 1748 Europam

112 1751 281 1815 traiciendi
299 1751 469 1816 consilium
488 1751 612 1835 omisit,
634 1751 691 1814 sed
711 1752 817 1815 exules
835 1757 964 1834 praeter
983 1774 1048 1835 eos,
1069 1755 1128 1837 qui

113 1840 200 1904 civili
220 1839 375 1924 sanguine
395 1839 539 1922 adspersi
557 1843 659 1921 eraut,
677 1838 778 1921 recipi
795 1840 836 1903 ab
856 1840 1005 1904 omnibus
1026 1840 1128 1906 Grae·

78 1939 224 1994 ecorum
247 1927 447 2009 civitatibus,
471 1926 543 2011 quis
566 1927 653 2010 pulsi
676 1930 776 2010 erant,
798 1927 902 1992 iussit
940 1927 985 1992 Et
1008 1927 1128 1994 Graeci

111 2017 198 2081 haud
226 2016 297 2080 ausi
324 2016 511 2117 imperium
525 2015 705 2098 aspernari,
732 2037 926 2098 quamquam
954 2016 1127 2081 solvenda·

111 2127 185 2169 rum
212 2106 321 2188 legum
349 2103 383 2167 id
408 2102 604 2186 principium
628 2124 699 2167 esse
722 2104 908 2187 censebant,
938 2104 1025 2168 bona
1048 2126 1128 2188 quo-

78 2204 188 2275 oque,
216 2212 297 2274 quae
326 2192 485 2272 extarent,
512 2190 607 2254 restit
608 2211 682 2254 uere
711 2190 880 2254 damnatis.
927 2188 995 2256 Soli
1023 2190 1069 2256 At
1069 2192 1127 2257 he-

112 2279 240 2344 nieuses
272 2299 339 2342 non
372 2278 422 2342 sui
453 2277 561 2359 mode,
600 2277 718 2341 sedt
687 2279 785 2341 etiam
817 2278 940 2362 publici
971 2279 1129 2364 vindices,

113 2367 328 2432 colluvionem
352 2365 500 2430 ordinum
517 2365 748 2448 hominumque
767 2386 862 2450 aegre
880 2366 1039 2450 ferebant,
1058 2389 1129 2433 non

112 2456 203 2541 regio
235 2453 385 2538 imperio,
421 2453 476 2518 sed
508 2452 636 2536 legibus
668 2453 875 2536 moribusque
906 2454 1021 2537 patriis
1055 2456 1133 2540 regi

79 2555 95 2606 τ
115 2544 250 2610 adsueti
285 2542 483 2607 Prohibuere
502 2541 604 2624 igitur
622 2542 731 2605 exules
750 2540 869 2605 finibus
888 2543 996 2607 omnia
1013 2543 1128 2624 potius

114 2632 295 2715 toleraturi,
314 2653 410 2714 quam
428 2632 643 2714 purgamenta
662 2629 823 2712 quondam
836 2629 927 2694 urbis
942 2651 1028 2713 suae,
1047 2634 1129 2696 tune

116 2723 214 2786 etiam
238 2720 339 2801 exilii,
363 2718 581 2783 admitterent.

81 2820 96 2868 8
204 2807 387 2873 Alexander
410 2806 588 2870 senioribus
610 2805 751 2869 militum
769 2806 805 2869 iu
821 2805 961 2888 patriam
979 2805 1160 2871 remissis8

115 2914 181 2962 x111
204 2896 297 2960 milia
317 2895 460 2978 peditum
484 2897 517 2958 et
540 2911 567 2958 11
585 2893 678 2957 milia
701 2893 860 2977 equitum,
883 2915 964 2977 quae
987 2893 1021 2957 in
1045 2892 1129 2958 Asia

115 2985 278 3066 retineret,
302 2983 380 3066 eligi
401 2983 498 3047 iussit
522 2981 721 3063 existimans,
745 2981 870 3046 modico
890 2981 1010 3045 exercit
996 2984 1032 3044 tu
1051 3002 1128 3045 con·

115 3074 220 3138 tinere
256 3093 353 3155 posse
388 3071 515 3153 Asiam,
552 3069 628 3154 quia
663 3069 811 3152 pluribus
848 3069 930 3134 locis
964 3069 1130 3152 praesidia

117 3161 331 3245 disposuisset
352 3180 515 3242 nuperque
539 3157 683 3222 conditas
706 3157 802 3221 urbes
826 3155 948 3222 colonis
968 3157 1130 3239 replesset

82 3261 176 3314 aneo
200 3271 251 3313 res
278 3268 398 3312 novare
427 3246 639 3330 cupientibus.
689 3241 839 3309 Ceterum
867 3245 1057 3328 priusquam
1081 3267 1131 3310 se·

117 3341 270 3420 cerneret,
294 3357 373 3420 quos
393 3338 464 3399 erat
481 3336 675 3417 retenturus,
693 3332 800 3416 edixit,
819 3336 856 3397 ut
874 3353 985 3396 omues
1004 3332 1129 3398 milites

117 3449 172 3492 aes
201 3426 342 3491 alienum
367 3423 603 3507 profiterentur
648 3419 753 3485 Grave
775 3420 937 3504 plerisque
960 3441 1030 3485 esse
1054 3443 1130 3487 eon·

117 3518 245 3599 parerat
268 3518 313 3598 et,
337 3533 532 3598 quamquam
556 3510 700 3594 ipsorum
723 3509 802 3573 luxu
824 3512 1024 3574 contractum
1049 3514 1131 3594 erat,
