2444 3908
252 148 508 205 HISTORIARUM
526 148 742 204 ALEXANDRI
759 146 812 216 IV,
831 155 855 204 9.
876 153 917 202 10.
1046 145 1089 210 57

80 297 236 361 hostium:
267 294 418 359 audaciae
446 314 585 378 quoque,
614 314 678 376 qua
700 291 837 355 maxime
860 291 977 376 viguit,
1006 291 1089 356 ratio
1108 312 1142 360 aa

81 385 182 447 minui
205 385 328 466 potest,
360 382 435 466 quia
461 403 636 464 numquam
663 381 698 443 in
725 379 894 443 discrimen
921 379 1024 462 venit,
1047 401 1089 443 an

80 476 199 536 temere
221 471 358 534 fecisset.
391 468 550 552 Mazaeus,
573 468 635 552 qui,
659 468 687 531 si
708 466 949 531 transeuntibus
970 466 1091 530 flumen

82 558 332 642 supervenisset,
363 557 449 621 haud
475 557 570 620 dubie
593 576 802 639 oppressurus
824 555 888 619 fuit
909 554 1090 637 inconposi-

80 651 148 730 tos,
181 647 217 710 in
247 647 318 728 ripa
349 645 477 708 demum
509 644 549 708 ad
579 644 646 707 iam
676 646 875 736 perarmatos
907 642 1090 724 adequitare

81 735 195 817 coepit.
238 732 328 797 Mille
351 732 521 796 admodum
544 732 667 814 equites
690 729 907 813 praemiserat.
948 727 1090 803 Quorum
1109 749 1143 797 24

81 816 243 904 pautitate
259 820 440 891 Alexander
463 820 635 903 explorata,
658 817 771 881 deinde
794 819 978 900 contempta
1000 838 1090 899 prae-

82 909 167 972 fectu
221 907 383 972 Paeonum
407 908 550 991 equitum
571 906 726 970 Aristona
747 905 863 968 laxatis
885 903 1020 968 habenis
1044 904 1090 967 in-

83 996 193 1078 vehii
234 996 286 1060 sit.
330 995 470 1079 Insignis
498 1016 536 1058 eo
564 994 615 1058 die
639 1013 749 1077 pugna
776 992 919 1075 equitum
947 996 980 1055 et
1001 1013 1090 1074 prae·
1110 1011 1142 1061 25
1196 1053 1197 1058 ,

84 1085 175 1166 cipue
253 1083 366 1147 'atonis
393 1082 469 1147 fuit:
505 1082 703 1165 praefectum
732 1081 892 1164 equitatus
922 1078 1092 1142 Persarum
1145 1107 1151 1119 ·

85 1168 279 1254 Satropaten
310 1171 430 1234 directa
461 1170 497 1233 in
527 1172 639 1254 guttur
664 1169 758 1232 hasta
784 1167 946 1231 transfixit
967 1164 1091 1251 fugien-

83 1262 214 1341 temque
237 1244 293 1341 peh
320 1257 441 1322 medios
463 1257 573 1322 hostes
596 1258 784 1320 consecutus
807 1276 846 1319 ex
868 1276 949 1340 equo
972 1254 1092 1338 praeci-

84 1345 200 1429 pitavit
228 1349 261 1409 et
289 1342 468 1427 dbluctanti
497 1345 604 1429 gladio
631 1346 729 1426 caput
755 1342 906 1425 dempsit,
937 1342 1022 1425 quod
1044 1363 1091 1404 re-

83 1433 187 1497 latum
210 1450 328 1513 magna
350 1455 423 1498 cum
445 1433 539 1497 laude
562 1435 636 1496 ante
659 1431 745 1515 regis
768 1430 865 1515 pedes
888 1429 1005 1513 posuit.

503 1587 598 1659 ‚Ona
620 1588 660 1652 X.
1001 1560 1010 1577 ’
1102 1547 1139 1611 ⁸<

33 1680 73 1743 39
172 1693 277 1758 Biduo
299 1694 346 1759 ibi
369 1695 487 1758 stativa
504 1715 560 1758 rex
577 1694 705 1758 habuit:
727 1695 763 1758 in
780 1694 962 1776 proximum
980 1692 1092 1756 deinde
1112 1711 1128 1761 ι

84 1780 288 1863 pronuntiari
314 1781 372 1843 iter
397 1781 501 1843 iussit.
551 1778 612 1844 Sed
642 1783 747 1863 prima
777 1781 843 1845 fere
875 1781 985 1865 vigilia
1015 1780 1127 1852 lunas

86 1866 236 1930 deficiens
263 1865 402 1948 primum
429 1866 568 1929 nitorem
590 1866 701 1931 sideris
724 1868 774 1931 sui
796 1867 951 1950 condidit,
980 1866 1093 1930 deinde

86 1953 252 2037 sanguinis
276 1953 380 2016 colore
403 1952 524 2017 suffiiso
546 1954 655 2016 lumen
678 1975 771 2018 omne
794 1954 948 2036 foedavit,
978 1953 1093 2017 sollici·

84 2041 190 2124 tisque
209 2041 269 2105 sub
286 2041 394 2123 ipsum
410 2041 496 2105 tanti
514 2040 705 2121 discriminis
724 2062 835 2105 casum
850 2043 965 2126 ingens
978 2041 1092 2125 religio

85 2133 118 2193 et
141 2150 179 2192 ex
202 2150 241 2192 ea
263 2128 400 2192 formido
423 2128 580 2213 quaedam
601 2128 731 2193 incussa
753 2133 810 2193 est.
845 2128 904 2192 Dis
926 2128 1035 2192 invitis
1057 2128 1093 2192 in
1111 2149 1129 2197 a

85 2217 216 2281 ultimas
243 2218 345 2280 terras
372 2215 457 2280 trahi
481 2237 515 2280 se
538 2216 765 2300 querebantur:
792 2217 858 2280 iam
880 2237 939 2280 nec
961 2216 1094 2280 flumina

84 2326 180 2387 posse
216 2304 298 2368 adiri
332 2325 391 2367 nec
423 2303 527 2368 sidera
557 2304 728 2386 pristinum
765 2326 890 2369 servare
924 2304 1092 2388 fulgorem,

86 2395 194 2456 vastas
220 2394 336 2473 terras,
369 2391 494 2456 deserta
521 2391 629 2455 omnia
656 2413 832 2456 occurrere:
863 2392 898 2455 in
920 2392 1014 2455 unius
1036 2390 1093 2455 ho·

86 2479 182 2542 minis
222 2479 427 2543 iactationem
471 2481 523 2541 tot
560 2479 684 2542 milium
721 2479 910 2562 sanguinem
945 2477 1093 2560 inpendi:
1187 2496 1191 2504 ’

86 2566 214 2630 fastidio
242 2587 311 2631 esse
333 2566 481 2649 patriam,
504 2564 644 2629 abdicari
661 2565 847 2648 Philippum
869 2567 1001 2648 patrem,
1025 2585 1092 2628 oae-

85 2654 152 2716 lum
175 2655 266 2717 vanis
284 2651 535 2736 cogitationibus
554 2656 670 2733 petere.
701 2651 769 2715 Iam
787 2673 886 2734 prope
905 2651 1092 2715 seditionem
1110 2673 1128 2722 a

85 2761 136 2803 res
163 2744 246 2823 erat,
276 2761 349 2804 cum
372 2739 414 2802 ad
437 2738 545 2801 omnia
566 2739 730 2802 interritus
753 2738 848 2802 duces
871 2739 1092 2823 principesque
1123 2785 1129 2794 ·

87 2828 225 2890 militum
247 2826 430 2909 frequentes
449 2826 559 2889 adesse
577 2827 738 2909 practorio
763 2826 876 2906 [iubet]
900 2825 1092 2910 Aegyptios·

88 2934 148 2996 que
171 2917 270 2995 vates,
293 2934 374 2995 quos
397 2913 477 2976 caeli
500 2934 537 2977 ac
560 2913 698 2977 siderum
715 2914 925 2996 peritissimos
944 2935 1013 2978 esse
1027 2937 1093 2980 cre·

87 3000 197 3083 debat,
229 3000 305 3083 quid
332 3000 498 3084 sentirent,
530 3022 713 3084 expromere
735 3002 831 3065 iubet.
877 3002 923 3065 At
944 3002 1005 3084 illi,
1037 3004 1129 3086 quis
1194 3076 1203 3083 ,

87 3088 166 3152 satis
196 3089 315 3151 scirent
335 3092 516 3172 temporum
543 3089 635 3152 orbes
662 3089 783 3171 inplere
810 3089 985 3153 destinatas
1008 3091 1092 3155 vices
1128 3088 1131 3093 ’

85 3176 258 3258 lunamque
287 3174 433 3259 deficere,
465 3198 537 3240 cum
565 3181 621 3239 aut
646 3179 765 3240 terram
792 3178 913 3241 subiret
944 3182 1000 3241 aut
1026 3178 1092 3242 sole

85 3272 293 3345 premeretur,
333 3264 491 3327 rationem
528 3264 654 3346 quidem
695 3265 772 3348 ipsis
808 3269 991 3347 perceptam
1027 3287 1093 3329 non
1178 3320 1203 3357 ἡ

86 3350 220 3414 edocent
245 3350 377 3434 vulgus:
409 3355 548 3414 ceterum
575 3351 745 3415 adfirmant
766 3353 867 3415 solem
890 3351 1128 3437 Graecorum,a
1196 3368 1203 3383 ¹

85 3436 197 3500 lunam
219 3459 289 3502 esse
302 3437 483 3520 Persarum,
506 3439 715 3523 quotiensque
733 3439 790 3502 illa
809 3441 942 3522 deficiat,
965 3440 1093 3503 ruinam

84 3527 289 3608 stragemque
310 3525 374 3589 illis
398 3525 548 3609 gentibus
570 3528 730 3610 portendi:
754 3531 923 3609 veteraque
947 3528 1093 3611 exempla
