2444 3908
139 164 202 228 190
506 162 537 230 Q.
558 161 668 218 OURTI
686 163 772 218 RUFI

136 310 236 392 latro,
266 309 410 373 revertar
441 306 475 371 in
503 307 657 389 patriam,
687 310 725 371 ut
751 327 791 371 nc
818 305 983 372 dexteram
1014 308 1148 392 quidem

21 447 23 451 a
63 365 347 462 1161111111111
371 395 528 459 memoria
550 395 746 459 calamitatis
770 395 839 459 eius
863 395 975 459 offerre
994 398 1117 479 possim
1125 396 1147 462 1'

85 494 119 544 10
137 486 182 551 Et
213 506 285 549 cum
316 483 390 547 finis
416 481 558 547 lacrimis
586 483 798 567 querellisque
825 503 893 547 non
918 483 1022 568 fieret,
1053 485 1147 550 iussu

87 584 118 632 11
139 574 315 638 amicorum
347 592 462 654 eorpus
495 570 641 635 ablatum
671 575 730 636 est.
778 569 847 635 Rex
873 571 1016 637 triduum
1045 572 1146 638 iacuit

137 662 291 727 inclusus.
335 658 439 735 Quem
465 662 502 722 ut
529 659 680 744 armigeri
703 659 907 743 corporisque
931 661 1079 726 custodes
1104 661 1146 726 ad

138 748 338 814 moriendum
367 747 568 812 obstinatum
595 767 664 811 esse
688 752 920 830 cognoverunt,
947 749 1088 814 universi
1110 749 1146 813 in

138 836 382 902 tabernaculum
404 836 594 918 inrumpunt
617 834 734 918 diuque
756 835 905 918 precibus
927 834 1074 920 ipsorum
1095 858 1145 901 re·

88 935 119 985 11
138 926 298 990 luctatum
326 944 420 1008 aegre
447 923 607 1006 vicerunt,
636 926 674 988 ut
698 923 805 987 cibum
828 927 965 1006 caperet.
1011 922 1145 1008 Quoque

138 1015 244 1079 minus
267 1012 374 1077 caedis
396 1011 544 1094 puderet,
570 1011 640 1075 iure
666 1009 872 1075 interfectum
895 1007 1018 1076 clitum
1040 1010 1145 1077 Mace·

139 1104 237 1167 dones
261 1099 435 1164 decernunt
459 1098 624 1183 sepultura
646 1119 772 1182 quoque
795 1098 1004 1184 prohibituri,
1031 1100 1066 1163 ni
1088 1122 1146 1165 rex

138 1189 266 1254 humari
288 1188 443 1252 iussisset.

86 1287 120 1336 11
225 1275 331 1360 Igitur
343 1292 368 1338 x
381 1274 493 1337 diebus
507 1272 647 1338 maxime
662 1274 703 1338 ad
717 1274 970 1339 confirmandum
988 1276 1145 1360 pudorem
1161 1279 1183 1342 l

139 1363 224 1448 apud
247 1361 440 1427 Maracanda
467 1362 665 1443 consumptis
689 1383 761 1426 cum
783 1367 877 1445 parte
900 1365 1059 1428 exercitus
1082 1363 1146 1428 He·

138 1451 365 1537 pbaestionem
377 1449 412 1514 in
426 1449 590 1534 regionem
604 1448 811 1514 Bactrianam
828 1450 927 1535 misit,
946 1456 1145 1518 commeatus

86 1550 120 1600 11
138 1541 172 1604 in
194 1539 334 1603 hiemem
356 1541 552 1621 paraturum.
599 1534 702 1612 Quam
725 1536 811 1603 Clito
835 1541 909 1602 ante
927 1539 1147 1605 destinaverat

138 1627 350 1712 provinciam,
381 1625 542 1709 Amyntae
576 1625 676 1690 dedit:
707 1626 776 1710 ipse
808 1625 957 1710 Xenippa
988 1629 1145 1710 pervenit

139 1714 291 1800 Scythiae
320 1714 455 1779 confinis
483 1716 533 1777 est
560 1714 649 1798 regio
675 1714 905 1799 habitaturque
932 1716 1080 1798 pluribus
1109 1737 1146 1781 ac

137 1803 360 1889 frequentibus
383 1802 477 1886 vicis,
504 1802 581 1885 quia
607 1802 738 1866 ubertas
760 1806 865 1867 terrae
887 1824 953 1867 non
975 1803 1145 1889 indigenae

86 1902 119 1952 11
139 1893 234 1959 modo
252 1890 383 1974 detinet,
401 1889 459 1956 sed
473 1890 572 1955 etiam
586 1889 726 1955 advenas
739 1891 866 1956 invitat.
897 1889 1145 1956 Bactrianorum

139 1982 282 2064 exulum,
312 1979 368 2064 qui
400 1978 440 2043 ab
468 1978 651 2044 Alexandro
681 1978 876 2061 defecerant,
907 1979 1146 2064 receptaculum

138 2069 253 2133 fuerat.
290 2065 353 2132 Sed
371 2070 543 2150 postquam
561 2085 671 2149 regem
689 2067 861 2132 adventare
880 2071 1069 2150 conpertum
1087 2072 1148 2148 cst,

138 2156 225 2239 pulsi
248 2155 289 2219 ab
308 2153 483 2218 incolis-
502 2171 529 2217 11
547 2153 638 2218 milia
654 2154 722 2219 fere
742 2158 817 2219 111)
836 2190 878 2201 -
897 2159 1147 2240 congregantur.

88 2243 259 2307 1601111111
287 2242 413 2325 equites
444 2244 549 2323 erant,
581 2242 681 2305 etiam
708 2242 743 2333 in
774 2263 852 2325 pace
879 2242 1059 2308 latrociniis
1091 2244 1146 2309 ad·

139 2331 240 2395 sueti:
276 2333 347 2394 tum
382 2328 504 2393 ferocia
536 2329 668 2413 ingenia
697 2350 764 2393 non
794 2330 916 2394 bellum
948 2331 1057 2416 modo,
1089 2331 1147 2396 scd

139 2420 238 2484 etiam
270 2418 383 2483 veniae
415 2417 598 2499 desperatio
630 2416 827 2482 efferaverat.
879 2416 994 2503 Itaque
1026 2440 1065 2483 ex
1096 2419 1147 2483 in-

138 2509 269 2592 proviso
302 2505 407 2571 adorti
434 2504 628 2590 Amyntam,
659 2509 843 2588 praetorem
869 2506 1058 2591 Alexandri,
1089 2506 1146 2572 diu

87 2607 120 2656 11
140 2617 258 2679 anceps
290 2594 447 2680 proelium
479 2594 634 2659 fecerant:
667 2593 707 2658 ad
738 2594 889 2658 ultimum
916 2610 986 2660 noc
1013 2617 1147 2660 suorum

139 2683 276 2765 amissis,
295 2704 432 2765 quorum
451 2698 513 2748 ccc
531 2681 636 2746 hostis
657 2681 751 2765 cepit,
774 2681 887 2746 dedere
905 2687 999 2768 terga
1017 2683 1147 2748 victori·

138 2771 209 2854 bus,
231 2770 318 2834 baud
341 2791 418 2834 sane
440 2769 548 2852 inulti,
571 2769 690 2853 quippe
708 2786 803 2834 Lxxx
820 2769 1031 2836 Macedonum
1048 2771 1148 2836 inter·

138 2859 286 2923 fecerunt
312 2863 502 2941 praeterque
531 2877 586 2922 eos
615 2873 677 2922 ccc
704 2861 738 2922 et
764 2874 786 2920 1,
818 2859 919 2922 saucii
950 2859 1030 2924 facti
1062 2863 1149 2924 sunt.

86 2958 120 3007 18
139 2945 276 3012 Veniam
298 2949 409 3010 tamen
433 2945 531 3010 etiam
554 2948 629 3028 post
651 2944 787 3009 alteram
810 2944 1024 3012 defectionem
1046 2947 1148 3031 impe·

138 3037 317 3100 traverunt.

86 3134 119 3183 19
226 3120 288 3186 His
307 3121 342 3186 in
359 3120 455 3186 fidem
475 3119 613 3204 acceptis
632 3120 666 3185 in
683 3120 863 3205 regionem,
884 3143 982 3205 quam
999 3122 1148 3190 Nautaca
1163 3126 1184 3192 8

139 3211 313 3294 appellant,
335 3231 393 3274 rex
416 3231 488 3274 cum
510 3213 581 3274 1010
602 3209 743 3274 exercitu
765 3210 862 3274 venit.
903 3208 1057 3296 Satrapes
1077 3217 1147 3278 erat

139 3299 341 3365 Sisimithres
362 3297 486 3362 duobus
511 3318 550 3361 ex
572 3319 631 3362 aua
649 3300 752 3361 matre
774 3296 852 3362 filiis
872 3300 1005 3382 genitis:
1029 3301 1148 3384 quippe

140 3388 226 3473 apud
246 3408 300 3452 eos
322 3385 510 3469 parentibus
529 3388 641 3467 stupro
666 3385 751 3450 coire
776 3406 848 3450 cum
874 3386 984 3450 liberis
1012 3387 1062 3451 fas
1091 3392 1150 3453 est.

85 3487 121 3536 20
140 3476 173 3540 Is
198 3475 330 3541 armatis
353 3473 564 3558 popularibus
583 3471 692 3537 fauces
710 3473 867 3557 regionis,
889 3494 954 3556 qua
973 3474 1009 3539 in
1027 3474 1151 3540 artissi-

140 3585 230 3628 mum
256 3564 396 3649 cogitur,
423 3561 531 3627 valido
558 3561 758 3626 munimento
787 3565 959 3645 saepserat
1004 3561 1151 3628 Praeter·
