2444 3908
304 141 558 197 HISTORIARUM
576 139 790 194 ALEXANDRI
808 140 872 207 VII,
892 145 916 194 8.
1053 138 1115 203 157

532 334 611 400 Gar.
634 335 693 402 ΙΠ.

63 464 95 527 ll
196 460 257 526 His
294 461 341 526 ita
376 459 552 544 conpositis
585 457 767 522 Alexander
799 458 932 524 Arsame
965 458 1150 525 Arioruml

108 552 238 634 satrape
257 549 434 614 constituto
453 548 516 612 iter
534 546 739 630 pronuntiari
757 546 847 610 iubet
865 547 896 610 in
918 545 1117 632 Arimaspos,

108 659 189 721 quos
213 637 380 701 iam'tuno
402 638 528 699 mutato
551 635 680 699 nomine
699 633 878 718 Euergetas
900 636 1117 719 appellabant,

109 746 149 788 ex
172 746 235 808 quo
257 723 379 807 frigore
408 723 574 807 victusque
597 723 732 805 penuria
754 720 833 804 Cyri
862 723 1037 786 exercitum
1065 723 1118 786 ad·

108 812 230 876 fectum
253 811 349 876 tectis
374 814 407 875 et
429 810 661 875 commeatibus
683 811 840 875 iuverant.
885 807 1024 884 Quintus
1050 809 1152 874 diosa

109 903 189 982 erat,
211 903 248 964 ut
270 900 303 963 in
327 920 398 963 eam
416 899 581 982 regionem
599 901 799 981 pervenerat.
839 895 1017 981 Cognoscit
1035 896 1118 962 Sati·

110 987 299 1070 barzanom,
332 987 388 1071 qui
419 987 461 1052 ad
493 985 629 1050 Bessum
660 985 835 1064 defecerat,
867 1007 940 1050 oum
973 987 1119 1070 equitum

110 1097 207 1139 manu
234 1075 394 1159 inrupisse
421 1095 532 1138 rursus
560 1074 594 1137 in
622 1072 727 1146 Arios.
770 1072 884 1157 Itaque
908 1071 1070 1138 Caranum
1092 1080 1121 1139 ct

110 1162 282 1246 Erigyium
309 1184 381 1226 oum
409 1160 571 1226 Artabazo
600 1165 633 1226 et
660 1160 844 1226 Andronico
872 1165 905 1226 et
928 1179 965 1227 VI
988 1163 1119 1226 milibus

112 1249 307 1315 Graecorum
329 1250 472 1333 peditum
500 1269 532 1314 eo
559 1250 657 1332 misit,
684 1270 759 1331 quos
781 1265 828 1314 Do
856 1250 980 1334 equites
1008 1272 1120 1334 seque·

113 1340 239 1403 bantur.
274 1337 348 1421 Ipse
366 1356 415 1402 nx
432 1338 544 1401 diebus
562 1341 692 1422 gentem
706 1337 940 1422 Euergetarum
959 1338 1121 1403 ordinavit
1139 1350 1154 1398 3

112 1445 232 1509 magna
258 1427 394 1509 pecunia
421 1426 462 1490 ob
491 1427 655 1510 ogregiam
678 1426 712 1489 in
731 1424 851 1510 Cyrum
872 1426 969 1490 fidem
992 1426 1120 1490 donata.

200 1513 325 1578 Relicto
358 1514 485 1597 deinde,
517 1515 572 1596 qui
606 1513 647 1578 iis
679 1518 859 1597 praeesset,
893 1513 1049 1578 Amedine
1080 1527 1156 1574 -4

112 1602 218 1666 scriba
244 1603 273 1666 is
301 1601 402 1665 Darei
429 1601 601 1666 fuerat-
624 1600 833 1686 Arachosios,
866 1623 1001 1685 quorum
1029 1602 1121 1686 regio

113 1689 153 1753 ad
181 1688 350 1753 Ponticum
382 1710 469 1753 maro
499 1689 655 1772 pertinet,
688 1690 825 1772 subegit.
874 1687 926 1753 Ibi
954 1691 1122 1772 exercitus,

116 1775 171 1858 qui
190 1776 250 1838 sub
270 1774 482 1840 Parmenione
501 1777 614 1858 fuerat,
638 1777 786 1841 occurrit.
831 1774 892 1840 Sex
911 1776 1000 1840 milia
1018 1776 1122 1840 Mace-

116 1859 236 1926 donum
260 1867 353 1927 erant
376 1867 408 1927 et
426 1879 468 1928 cc
485 1863 611 1928 nobiles
635 1866 668 1927 et
684 1882 708 1928 v
726 1863 816 1927 milia
839 1861 1035 1927 Graecorum
1051 1885 1121 1928 cum

116 1951 279 2033 equitibus
298 1967 354 2030 Dc,
377 1951 463 2015 haud
487 1951 581 2016 dubio
604 1952 704 2016 robur
727 1950 869 2014 omnium
887 1950 1004 2015 virium
1026 1952 1123 2034 regis.

116 2036 304 2104 Arachosiis
331 2039 425 2104 datus
448 2037 568 2103 Menon
594 2042 723 2122 praetor
745 2056 798 2102 1111
820 2037 951 2102 milibus
977 2032 1157 2122 peditums

116 2130 150 2191 et
172 2145 219 2193 Dc
242 2127 403 2211 equitibus
427 2127 462 2191 in
484 2127 680 2210 praesidium
702 2126 834 2191 relictis.

63 2237 106 2302 12
204 2214 278 2298 Ipse
297 2236 353 2280 rex
371 2215 534 2280 nationem
551 2236 591 2279 ne
605 2214 752 2279 finitimis
767 2215 895 2298 quidem
909 2214 988 2280 satis
1001 2216 1124 2298 notam,

117 2303 235 2387 quippe
262 2303 352 2366 nullo
380 2304 571 2378 commercio
594 2304 754 2368 colentem
777 2306 906 2367 mutuos
932 2325 1024 2385 usus,
1052 2325 1124 2368 cum

117 2390 257 2454 exercitu
275 2391 417 2455 intravit.
462 2391 732 2473 Parapamisadae
756 2390 974 2473 appellantur,
997 2395 1160 2472 agrestes

116 2477 283 2541 hominum
302 2498 404 2560 genus
422 2480 455 2542 et
471 2479 556 2542 inter
578 2479 734 2542 barbaros
757 2477 896 2541 maxime
916 2477 1126 2542 inconditum.

116 2564 275 2629 Locorum
295 2566 453 2648 asperitas
472 2565 640 2629 hominum
653 2586 779 2648 quoque
794 2564 927 2647 ingenia
946 2564 1124 2630 duraverat.

117 2650 358 2717 Gelidissimum
382 2653 610 2734 septentrionis
629 2674 722 2716 axem
746 2674 783 2715 ex
806 2671 926 2735 magna
944 2656 1036 2735 parte
1056 2676 1125 2736 spe·
1145 2667 1160 2715 t

118 2744 216 2824 otant,
234 2740 416 2804 Bactrianis
436 2739 476 2803 ab
493 2739 654 2804 occidente
669 2740 831 2804 coniuncti
846 2745 930 2818 sunt,
949 2741 1126 2805 meridiana

117 2828 209 2910 regio
229 2828 268 2891 ad
287 2847 375 2890 mare
392 2825 538 2890 indicum
557 2828 670 2910 vergit.
715 2827 860 2911 Tuguria
879 2830 980 2892 latere
1000 2830 1039 2892 ab
1059 2829 1124 2892 imo
1145 2841 1160 2889 8

119 2918 249 2977 struunt
276 2917 322 2998 et,
348 2915 424 2998 quia
450 2914 568 2978 sterilis
596 2918 647 2979 est
673 2919 761 2979 terra
789 2917 923 2981 materia
953 2917 1012 2996 [in]
1043 2917 1125 2980 nudo

119 3001 217 3065 etiam
245 3002 365 3066 montis
393 3002 502 3085 dorso,
528 3023 628 3086 usque
657 3003 697 3066 ad
726 3026 887 3067 summum
911 3003 1126 3068 aedificiorum

119 3089 286 3174 fastigium
310 3090 420 3154 eodem
440 3091 594 3155 laterculo
614 3094 755 3155 utuntur.
798 3089 948 3156 Ceterum
967 3096 1162 3155 structurae

119 3178 217 3243 latior
250 3178 290 3242 ab
323 3178 388 3243 imo
421 3179 579 3262 paulatim
607 3179 802 3244 incremento
831 3180 936 3264 operis
964 3179 998 3242 in
1026 3181 1127 3243 artius

119 3266 262 3350 cogitur,
290 3267 330 3330 ad
354 3268 504 3331 ultimum
527 3267 561 3330 in
584 3268 711 3332 carinae
739 3269 877 3332 maxime
902 3268 1031 3332 modum
1055 3268 1128 3331 coit.

119 3351 171 3416 Ibi
193 3353 351 3419 foramine
374 3356 489 3420 relicto
514 3377 649 3438 superne
673 3357 781 3420 lumen
805 3357 989 3420 admittunt.
1035 3355 1127 3419 Vites
1149 3364 1181 3414 10

122 3443 155 3504 et
182 3443 325 3526 arbores,
352 3443 380 3509 si
403 3465 485 3528 quae
507 3443 543 3506 in
565 3447 656 3507 tanto
679 3446 784 3508 terrae
807 3445 915 3527 rigore
938 3443 1051 3507 durare
1074 3463 1128 3524 po-

119 3532 261 3614 buerunt,
284 3532 424 3597 obruunt
441 3532 580 3615 penitus.
616 3530 730 3596 Hieme
749 3530 895 3596 defossae
915 3531 1032 3594 latent:
1057 3552 1127 3594 oum
