2444 3908
142 128 206 191 114
515 129 547 195 Q.
568 128 677 185 GURTI
696 129 780 183 RUFI

141 273 258 353 Quippe
277 272 443 352 snpientem
465 272 617 336 iusemtns
638 271 815 336 Alexander
836 271 872 335 in
895 272 1065 354 lonqinquo
1088 272 1161 338 loca

140 361 240 441 mapis
265 360 422 440 mapisqne
448 360 627 441 rapiebatur
649 364 678 424 et
698 380 735 424 ex
758 360 822 440 ipso
838 361 957 440 proelio
974 381 1160 426 mercenna-

139 449 259 511 riorum
280 448 387 529 iupens
409 447 571 512 multitudo
589 449 624 511 in
643 446 807 512 Graeciam
827 447 905 530 supa
920 454 1160 530 pmelraoerat:

139 556 270 617 puomm
288 540 351 600 octo
371 535 462 600 milia
479 536 605 600 Persico
622 537 756 616 pecunia
773 535 920 600 conduxit
935 537 1016 619 Apis
1033 557 1160 602 eornm-

139 644 196 705 que
218 643 309 704 opero
330 624 493 705 plerasque
515 621 703 689 (betensinm
725 623 814 688 urbes
836 626 952 706 recepit.
998 622 1078 690 Oum
1104 628 1160 691 de-

140 714 242 793 inceps
255 712 374 776 Menon
390 712 426 775 in
441 711 608 775 Thraciam
626 712 664 776 ab
677 711 858 776 Alexandro
876 713 987 777 missus
1005 713 1161 781 barbaros

140 801 183 863 ad
199 800 391 880 defectionem
409 799 570 880 inpulisset
586 800 684 880 adque
706 820 775 863 com
792 801 1041 880 conprimendam
1058 801 1159 867 Anti-

134 893 227 970 pater
240 889 403 953 concitum
416 907 454 952 ex
461 887 647 952 Macedonia
660 887 695 951 in
706 886 876 951 Thraciam
888 889 1030 971 duxisset,
1044 909 1158 970 oppor-

141 979 270 1042 tunitate
292 976 434 1057 temporis
460 980 581 1040 strmm
606 976 657 1041 usi
682 975 918 1040 Lacedaemonii
945 979 1039 1040 totam
1066 977 1158 1043 Pelo·

134 1085 306 1146 pannosum
317 1064 430 1145 porrois
446 1063 571 1128 urbibus
589 1064 718 1144 exceptis
735 1064 770 1128 in
782 1068 889 1144 partes
903 1067 1066 1128 innuerunt
1082 1085 1158 1131 con·

139 1154 273 1233 sectoque
299 1153 430 1215 exercitu
456 1152 567 1232 uipimi
593 1153 716 1216 milium
740 1153 879 1233 peditum
905 1172 975 1216 cum
1001 1153 1159 1233 equitibus

140 1240 185 1303 bis
212 1239 296 1301 mille
317 1238 416 1319 Apidi
442 1257 596 1302 summam
620 1241 745 1320 imperii
766 1240 944 1304 detulerunt.
984 1240 1159 1322 Antipater

139 1347 174 1390 eo
201 1345 234 1389 re
260 1331 401 1406 conperto
428 1325 537 1389 bellum
566 1327 600 1390 in
623 1327 772 1408 Thracio,
798 1328 907 1407 quibus
930 1333 1028 1408 potest
1048 1331 1157 1395 condi·

139 1413 288 1494 oiombus,
315 1415 458 1494 conponit
483 1414 656 1494 raptimque
677 1415 713 1477 in
741 1413 905 1479 Graeciam
933 1435 1086 1497 repressus
1114 1418 1157 1483 ab

139 1501 248 1564 oniiois
278 1501 424 1580 sociisque
452 1501 624 1566 ciuitatibus
650 1502 772 1566 auxilia
799 1504 883 1584 copit.
938 1503 1055 1582 Quibus
1081 1525 1156 1570 con·

139 1588 325 1652 uenientibus
351 1589 394 1652 ad
416 1590 623 1670 quadrapiuta
644 1595 855 1671 pupnatorum
879 1592 968 1656 milia
990 1595 1154 1660 recensuit.

139 1677 315 1741 Adomerat
344 1681 373 1740 el
404 1697 439 1741 ea
469 1677 673 1758 Peloponneso
703 1679 810 1742 calida
838 1699 966 1744 manus:
998 1681 1051 1744 sed
1076 1682 1158 1762 qnia

138 1765 264 1828 dubiam
286 1765 423 1846 ipsorum
444 1765 536 1846 fidem
557 1767 729 1849 resciverat,
757 1768 953 1831 dissimulata
979 1769 1156 1849 suspicione

136 1854 257 1935 pretias
272 1855 338 1937 epit,
355 1854 437 1934 qnod
453 1855 496 1917 od
507 1854 725 1934 defendendam
738 1857 882 1920 adversm
895 1855 1158 1924 Lacedaemonios

139 1941 316 2006 Alexandri
342 1943 521 2029 dipuitatem
547 1942 734 2022 adfuissml:
765 1945 952 2024 scripturum
977 1964 1008 2007 se
1030 1945 1066 2008 id
1087 1947 1158 2030 repi

136 2031 273 2111 oratiam
304 2030 339 2093 in
367 2034 497 2111 tempore
527 2030 670 2095 relaturo.
719 2030 763 2093 Iu
788 2050 936 2110 praesens
964 2031 1044 2095 nibil
1076 2054 1158 2116 opus

139 2136 200 2181 esse
224 2116 392 2179 maioribus
413 2117 525 2196 copiis:
547 2117 649 2197 itaque
670 2118 775 2180 domos
796 2119 931 2181 redirent
949 2118 1082 2195 foederis
1100 2143 1156 2188 ne-

138 2204 273 2267 cessitate
298 2202 423 2282 expleta.
464 2203 600 2266 Nuntios
624 2203 730 2267 deiude
751 2205 795 2266 ad
815 2204 1030 2268 Alexandrum
1051 2209 1159 2276 mittit

140 2292 175 2354 de
203 2294 287 2353 motu
311 2289 460 2353 Graeciae
486 2291 641 2352 certiorem
666 2290 811 2369 facturos.
855 2292 957 2372 Atque
978 2292 1028 2355 illi
1050 2313 1158 2377 repom

138 2379 224 2459 opud
243 2377 364 2442 Bactra
387 2379 507 2441 demum
529 2379 677 2442 eonsemti
703 2383 788 2461 sunt,
816 2399 885 2443 eum
907 2381 1032 2443 interim
1054 2382 1156 2451 Anti-

132 2467 223 2548 patri
244 2466 370 2531 uictoria
388 2469 416 2530 et
431 2485 499 2530 nece
516 2465 629 2548 Apidis
646 2466 681 2530 iu
698 2467 839 2531 Arcadia
858 2472 1048 2532 transactum
1065 2479 1155 2540 esset.

139 2554 221 2620 Saue
234 2555 431 2636 iampridem
445 2555 578 2618 tumultu
590 2555 900 2621 Lacedaemoniorum
913 2557 1038 2638 coquito,
1052 2578 1156 2639 qnan-

140 2648 205 2707 tum
237 2649 281 2708 tot
307 2648 458 2707 terrorum
485 2644 594 2724 spatiis
625 2645 770 2709 discretus
796 2649 929 2726 poterat,
958 2646 1156 2726 prouiderat:

138 2729 360 2810 Amphoterum
382 2752 451 2794 cum
475 2729 597 2813 Oppriis
619 2737 648 2796 et
665 2732 840 2797 Phoeniciis
861 2733 991 2796 nooibros
1007 2734 1042 2796 in
1060 2734 1156 2802 Pelo·

133 2837 305 2899 ponnesum
318 2819 472 2901 neumare,
490 2818 632 2883 Mmeten
650 2820 713 2882 trio
730 2821 820 2884 milia
838 2821 986 2885 talentum
1004 2822 1047 2885 od
1063 2843 1157 2890 mare

140 2904 255 2984 deferre
287 2906 429 2988 iusserat,
460 2910 497 2969 ut
525 2926 562 2970 ex
587 2908 761 2987 propinquo
789 2910 953 2989 pomulam
979 2909 1156 2990 Antipatro

138 2992 391 3075 subministraret,
413 2998 531 3074 quanta
552 2993 642 3058 illum
665 2995 799 3077 indipere
821 2998 1008 3078 copnouissct.
1049 2997 1157 3065 Probe

139 3082 220 3145 enim
238 3087 445 3165 perspexerat,
467 3082 577 3162 quanti
598 3083 641 3145 od
657 3084 762 3147 omnia
780 3086 924 3149 momenti
941 3089 1040 3150 motus
1057 3087 1157 3155 istius

139 3169 299 3233 inclinatio
319 3169 430 3248 futura
452 3174 741 3252 essetquamquam
763 3172 900 3253 deinceps
923 3177 1039 3255 accepto
1057 3175 1156 3242 aicta·

138 3258 205 3321 riae
222 3257 331 3321 nuntio
349 3258 414 3323 suis
432 3258 569 3338 operibus
586 3259 622 3322 id
638 3259 802 3324 discrimm
818 3280 992 3341 conparans
1010 3264 1158 3330 murium

16 3376 19 3381 ,
139 3367 206 3410 eom
234 3366 370 3426 monam
404 3346 501 3426 [icisse
531 3347 692 3411 cavillatus
722 3351 773 3410 est.
822 3345 959 3412 Ueterum
985 3351 1157 3434 principia

139 3436 204 3498 eius
226 3435 294 3499 belli
321 3434 407 3498 baud
431 3434 611 3515 inprospera
632 3435 882 3500 Lacedaemmiis
908 3437 1002 3516 ficere.
1050 3438 1158 3507 quta

140 3522 329 3606 Corrbapum
352 3522 552 3588 Macedmiae
577 3523 734 3588 castellnm
760 3543 829 3588 uim
850 3524 1015 3607 Antipatri
1040 3528 1156 3595 militi·
