2444 3908
152 105 193 170 ’18
457 95 461 103 ’
523 105 554 170 Q.
574 105 683 160 GURTI
700 105 788 159 RUFI

100 271 132 320 rs
150 246 381 332 vestigantium
413 249 500 313 sitim
531 249 666 312 falleret
710 247 739 312 Ε
767 248 920 331 proximis
947 269 1023 313 vero
1050 249 1166 316 itineri

150 336 229 401 vicis
252 337 392 400 ululatus
416 358 528 400 senum
546 337 800 421 feminarumque
819 337 1068 401 exaudiebantur
1088 337 1165 403 bar·

150 425 229 488 baro
252 424 317 487 ritu
338 423 481 488 Dareum
504 424 607 488 adhue
629 445 739 508 regem
761 425 976 489 clamantium.

99 535 131 582 16
239 511 435 590 Alexander,
457 514 494 576 ut
516 511 754 595 supradictum
777 514 839 595 est,
864 511 1003 577 inhibito
1026 515 1214 580 sucrum62

150 600 274 683 impetu
296 600 338 664 ad
359 599 481 683 Lycum
503 620 630 663 amnem
649 603 846 682 pervenerat,
868 600 925 664 ubi
942 600 1059 684 ingens
1077 602 1164 666 mul·

150 687 255 752 titudo
277 687 471 772 fugientium
494 690 684 751 oneraverat
705 690 837 771 pontem
860 691 893 751 et
909 687 1062 771 plerique,
1086 711 1163 753 cum
1201 716 1203 721 ·

150 775 254 840 hostis
276 779 414 860 urgeret,
436 775 607 839 indumen
625 796 658 839 se
675 775 963 858 praecipitaverant
980 795 1162 860 gravesque

152 863 249 926 armis
277 867 310 927 et
333 864 456 947 proelio
480 884 516 927 ac
537 863 615 947 fuga
638 861 804 946 defatigati
827 862 1008 946 gurgitibus
1031 862 1162 928 haurie-

101 970 132 1019 ιι
152 951 279 1015 bantur.
328 950 461 1034 Iamque
491 972 558 1015 non
589 971 670 1034 pons
702 950 797 1015 modo
828 950 1001 1034 fugientes,
1033 951 1090 1014 sed
1119 973 1163 1016 ne

153 1039 256 1102 amnis
280 1038 408 1121 quidem
430 1039 579 1121 capiebat
600 1039 731 1122 agmina
754 1059 812 1102 sua
833 1037 998 1121 inprovide
1023 1038 1162 1102 subinde

152 1125 359 1190 cumulantis:
382 1126 500 1209 quippe
518 1126 574 1189 ubi
591 1127 724 1189 intravit
742 1126 865 1189 animos
881 1147 989 1208 pavor,
1006 1125 1041 1189 id
1054 1127 1163 1191 solum

151 1215 312 1290 metuunt,
344 1213 429 1296 quod
460 1212 600 1295 primum
630 1213 801 1277 formidare
830 1216 1012 1296 coeperunt.
1062 1212 1161 1278 Alex·

101 1320 133 1368 ιι
153 1298 251 1362 ander
276 1299 473 1364 instantibus
501 1301 581 1384 suis,
611 1301 729 1383 inpune
752 1300 923 1364 abeuntem
940 1300 1065 1364 hostem
1087 1323 1161 1384 per-

153 1385 295 1450 mitteret
324 1390 428 1471 sequi,
458 1387 586 1452 hebetia
612 1409 682 1452 esse
708 1388 773 1451 tela
800 1389 832 1450 et
857 1410 973 1452 manus
1003 1389 1160 1472 fatigatas

151 1477 307 1558 tantoque
326 1496 420 1540 cursu
438 1496 572 1559 corpora
590 1475 745 1539 exhausta
763 1477 795 1538 et
811 1497 962 1559 praeceps
980 1477 1015 1540 in
1028 1481 1159 1542 noctem

102 1582 133 1629 19
153 1561 216 1625 diei
228 1564 355 1645 tempus
374 1567 523 1627 causatus
541 1566 598 1627 est.
628 1561 765 1626 Revera
784 1563 822 1626 de
840 1564 930 1628 laevo
945 1585 1053 1647 cornu,
1072 1565 1159 1648 quod

153 1649 256 1714 adhue
282 1650 317 1713 in
345 1651 410 1715 acie
436 1654 521 1715 stare
544 1651 705 1733 credebat,
733 1650 888 1715 sollicitus
911 1653 1028 1715 reverti
1050 1652 1090 1715 ad
1113 1652 1158 1716 fe-

152 1738 284 1801 rendam
307 1760 400 1822 opem
423 1739 489 1803 suis
513 1739 635 1803 statuit.
678 1737 809 1822 Iamque
833 1740 926 1823 signa
948 1743 1158 1823 converterat,

152 1845 225 1890 eum
253 1826 375 1910 equites
402 1849 421 1890 a
447 1825 658 1891 Parmenione
686 1827 776 1890 missi
796 1826 883 1891 illius
907 1849 1033 1911 quoque
1055 1828 1158 1910 partis

100 1932 134 1981 ιο
151 1914 319 1979 victoriam
345 1919 429 1979 nunt
415 1915 507 1979 t.iant
556 1913 618 1979 Sed
643 1916 768 1978 nullum
792 1914 926 1978 hoodie
950 1915 1159 1997 maiusperi-

153 2003 260 2066 culum
278 2002 366 2085 adiit,
388 2025 484 2086 quam
503 2003 578 2066 dum
597 2003 704 2085 copias
723 2002 873 2065 reducit
863 2024 898 2066 m
913 2005 981 2064 cast
982 2023 1026 2064 ra.
1058 2000 1160 2068 Pauci

153 2109 226 2152 eum
245 2093 277 2153 et
291 2089 485 2172 inconpositi
499 2089 713 2188 sequebantur
726 2092 858 2153 ovantes
872 2087 1015 2167 victoria,
1027 2089 1160 2184 quippe

153 2196 264 2239 omnes
290 2175 401 2238 hostes
428 2175 520 2238 aut
510 2197 545 2237 ιιι
571 2174 681 2258 fugam
709 2175 825 2237 effusos
853 2173 940 2237 aut
930 2194 964 2236 m
987 2173 1053 2236 acie
1077 2179 1161 2240 oeci·

100 2280 131 2327 21
153 2261 237 2326 disse
274 2261 463 2326 eredebant:
504 2282 576 2326 cum
609 2263 739 2344 repente
770 2281 809 2324 ex
842 2260 974 2325 adverso
1008 2267 1162 2344 apparuit

153 2369 269 2433 agmen
296 2349 451 2433 equitum,
484 2349 538 2433 qui
560 2348 663 2432 primo
687 2348 853 2413 inhibuere
876 2370 1017 2431 cursum,
1046 2349 1162 2414 deinde

152 2437 363 2503 Macedonum
385 2437 546 2540 paucitate
569 2440 740 2520 conspecta
721 2440 881 2501 aturmas
899 2437 934 2500 in
952 2436 1064 2501 obvios
1084 2459 1161 2503 con-

101 2544 133 2590 ιι
153 2526 340 2591 citaverrmt.
393 2525 479 2591 Ante
512 2526 606 2611 signa
636 2547 693 2589 rex
723 2525 792 2589 ibat
823 2525 1021 2588 dissimulato
1054 2528 1161 2608 magis

153 2615 294 2696 periculo
322 2636 418 2697 quam
445 2618 561 2699 spreto.
605 2612 673 2680 Neo
696 2613 796 2678 defuit
818 2613 847 2677 ei
869 2613 1080 2696 perpetuam
1103 2613 1162 2676 du-

101 2717 133 2766 23
153 2701 215 2764 biis
237 2701 332 2766 rebus
354 2702 505 2766 felicitas:
533 2704 671 2786 namque
693 2701 888 2785 praefectum
911 2701 1071 2801 equitatus
1094 2701 1161 2764 avi-

154 2787 229 2851 dum
253 2788 435 2852 certaminis
459 2793 491 2853 et
518 2791 559 2854 ob
586 2790 750 2871 idipsum
771 2788 986 2852 incautiusin
1009 2809 1043 2851 se
1065 2809 1160 2851 ruen-

153 2878 219 2938 tem
240 2875 336 2940 hasta
358 2877 526 2960 transfixit,
549 2898 612 2960 quo
635 2898 674 2940 ex
696 2897 777 2960 equo
799 2877 890 2959 lapso
917 2876 1098 2958 proximum
1122 2898 1161 2941 ac

101 2983 135 3031 24
154 2963 227 3027 dein
258 2965 366 3046 plures
398 2965 509 3029 eodem
538 2964 603 3028 telo
635 2963 786 3028 confodit.
833 2963 983 3027 Invasere
1009 2963 1160 3028 turbatos

153 3050 248 3115 amici
270 3073 409 3137 quoque:
430 3073 489 3117 nec
511 3051 628 3117 Persae
650 3051 746 3115 inulti
768 3050 933 3134 cadebant,
956 3050 1073 3134 quippe
1091 3073 1161 3115 non

152 3139 320 3204 universae
343 3140 439 3224 acies,
464 3162 560 3225 quam
582 3139 644 3204 hae
665 3139 892 3203 tumultuariae
914 3160 1043 3220 manus,
1065 3138 1160 3202 vehe-

100 3249 133 3296 ιι
153 3228 291 3292 mentius
318 3227 417 3292 iniere
445 3231 614 3292 certamen.
659 3227 800 3290 Tandem
829 3226 971 3308 barbari,
1002 3247 1075 3290 eum
1104 3227 1161 3290 ob-

154 3338 247 3381 scura
280 3316 350 3380 luce
381 3316 442 3379 tut
433 3338 482 3379 10r
512 3315 590 3400 fuga
621 3315 742 3379 videret
742 3335 780 3377 ur
811 3335 881 3378 esse
913 3336 1010 3398 quam
1040 3335 1162 3397 pugna,

153 3405 304 3488 dispersis
324 3403 507 3490 agminibus
526 3404 640 3468 abiere
671 3402 740 3467 Rex
753 3402 1004 3467 extraordinario
1017 3402 1161 3485 periculo

153 3494 320 3560 defunctus
343 3493 514 3558 incolumis
537 3514 612 3558 suos
634 3489 791 3557 reduxit
782 3513 817 3555 m
839 3492 953 3554 castra.
