2444 3908
127 136 191 200 168
498 136 530 200 Q.
549 134 660 189 CURTI
676 135 764 190 RUFI

964 234 983 269 0

90 281 244 364 equippe
272 300 310 342 ex
338 278 424 342 edito
451 282 562 342 monte
589 281 704 342 cuncta
730 281 971 361 prospexerant
1022 277 1149 364 Itaque

125 372 255 451 postero
278 365 329 430 die
352 365 469 430 misere
492 365 617 449 legatos
640 365 682 429 ad
704 385 823 450 regem.
869 364 956 441 Quos
983 365 1044 430 ille
1068 388 1147 450 pro·

126 457 214 520 tinus
246 454 342 518 iussit
374 453 504 517 admitti
531 453 709 536 solutisque
741 452 850 518 fasciis
877 453 1149 538 magnitudinem

91 565 107 613 c
126 540 267 607 vulneris
290 541 499 605 dissimulans
522 562 595 605 crus
617 540 766 605 barbaris
790 541 940 605 ostendit.
977 540 1036 606 Illi
1058 543 1148 609 iussi

126 629 291 696 considere
319 628 502 713 adfirmant,
528 649 595 692 non
620 628 813 694 Macedones
841 650 938 713 quam
964 628 1057 712 ipsos
1086 632 1145 696 tri·

128 719 243 783 stiores
261 717 362 782 fuisse
380 717 511 799 cognito
530 717 660 781 vulnere
678 716 795 801 ipsius,
813 716 904 781 cuius
923 716 952 780 si
970 720 1144 783 auctorem

91 827 107 875 1
127 805 355 890 repperissent,
383 804 546 868 dedituros
569 803 682 869 fuisse:
714 825 787 868 cum
809 804 858 869 dis
882 803 968 868 enim
989 825 1147 889 pugnare

128 895 304 977 sacrilegos
318 896 454 958 tantum.
492 890 643 956 Ceterum
658 913 691 956 se
710 896 841 976 gentem
855 893 889 955 in
906 892 1002 956 fidem
1023 892 1145 960 dedere

127 987 296 1066 superatos
318 981 437 1046 virtute
459 980 558 1044 illius.
602 979 672 1044 Rex
693 979 756 1043 fide
780 979 856 1044 data
875 983 908 1044 et
925 981 1066 1063 captivis
1091 1003 1145 1047 re-

92 1092 108 1140 a
128 1071 231 1153 ceptis
249 1073 378 1153 gentem
392 1068 426 1131 in
441 1068 635 1132 deditionem
649 1068 779 1150 accepit.
812 1065 935 1132 Castris
948 1067 1025 1132 inde
1039 1070 1145 1135 motis

127 1158 242 1222 lectica
264 1156 400 1220 militari
421 1155 599 1238 ferebatur,
622 1177 718 1238 quam
740 1175 800 1238 pro
824 1175 858 1219 se
882 1156 1019 1240 quisque
1041 1178 1145 1241 eques

126 1245 287 1328 pedesque
310 1243 417 1306 subire
445 1242 622 1306 certabant.
662 1242 811 1326 Equites,
839 1263 912 1307 cum
934 1244 1055 1326 quibus
1084 1267 1145 1310 rex

127 1332 252 1415 proelia
274 1330 356 1394 inire
379 1329 495 1394 solitus
519 1333 602 1414 erat,
632 1330 682 1394 sui
705 1330 847 1395 muneris
875 1329 909 1395 id
931 1351 1002 1396 esse
1031 1353 1146 1399 cense-

127 1421 219 1484 bant:
248 1417 371 1501 pedites
400 1421 526 1501 contra,
553 1439 625 1481 cum
652 1418 778 1487 saucios
807 1418 1049 1486 commilitones
1076 1422 1144 1506 ipsi

127 1511 256 1590 gestare
280 1505 514 1588 adsuevissent,
535 1504 617 1588 eripi
635 1504 698 1568 sibi
720 1506 886 1588 proprium
905 1506 1051 1572 officium
1069 1512 1145 1574 tum

127 1593 347 1679 potissimum,
379 1614 452 1656 cum
483 1613 540 1657 rex
571 1592 746 1675 gestandus
779 1597 876 1677 esset,
910 1595 1145 1677 querebantur.

92 1682 198 1750 aRex
219 1682 254 1746 in
275 1684 369 1746 tanto
391 1680 560 1764 utriusque
584 1681 688 1763 partis
711 1682 886 1745 certamine
909 1686 943 1745 et
966 1682 1031 1747 sibi
1055 1685 1156 1749 diffi-

128 1771 223 1836 cilem
246 1773 279 1834 et
305 1768 490 1854 praeteritis
513 1789 642 1854 gravem
667 1768 858 1833 electionem
880 1769 1023 1834 futuram
1048 1776 1144 1839 ratus

128 1859 265 1924 invicem
289 1858 398 1922 subire
421 1878 475 1921 eos
498 1856 602 1921 iussit

75 1967 109 2015 10
216 1946 302 2010 Hinc
321 1949 436 2029 quarto
460 1945 511 2009 die
534 1944 575 2009 ad
597 1944 711 2008 urbem
728 1943 922 2008 Maracanda
944 1950 1143 2028 perventum
1152 1947 1190 2013 26

128 2039 240 2100 est-
265 2051 338 2097 Lxx
360 2032 465 2097 stadia
487 2053 597 2096 murus
624 2031 713 2096 urbis
739 2033 956 2115 amplectitur,
985 2055 1046 2099 arx
1075 2036 1143 2102 alio

128 2122 270 2205 cingitur
291 2141 383 2184 muro
409 2155 447 2165 -
473 2141 510 2183 ac
532 2118 693 2202 praesidio
716 2119 805 2184 urbis
833 2120 946 2185 relicto
970 2122 1144 2204 proximos

128 2210 215 2273 vicos
240 2206 453 2288 depopulatur
475 2208 572 2288 atque
595 2206 670 2270 urit.

76 2317 106 2364 11
216 2293 331 2377 Legati
359 2292 471 2357 deinde
495 2293 652 2357 Abiorum
676 2292 870 2376 Scytharum
898 2299 1143 2384 superveniunt,

127 2382 234 2466 liberi,
257 2404 295 2446 ex
315 2403 378 2465 quo
402 2380 583 2445 decesserat
600 2378 718 2464 Cyrus,
740 2384 810 2446 tum
831 2384 992 2467 imperata
1009 2385 1143 2453 facturi.

127 2472 327 2537 Iustissimos
350 2470 564 2535 barbarorum
587 2470 772 2535 constabat:
795 2471 894 2535 armis
920 2472 1143 2560 abstinebant,

127 2561 192 2624 nisi
218 2559 371 2624 lacessiti:
402 2558 564 2623 libertatis
591 2557 717 2622 modico
746 2561 779 2621 et
805 2559 934 2642 aequali
962 2582 1024 2624 usu
1050 2562 1148 2646 prim·

77 2667 109 2715 12
129 2648 253 2729 cipibus
276 2646 464 2710 humiliores
486 2667 581 2729 pares
604 2646 756 2710 fecerant.
796 2644 867 2710 Hos
889 2647 1028 2731 benigne
1052 2650 1144 2715 adlo-

131 2737 222 2799 cutus
248 2733 288 2797 ad
307 2753 361 2797 eos
381 2731 535 2816 Scythas,
558 2733 613 2817 qui
630 2733 795 2815 Europam
813 2733 973 2819 incolunt,
996 2736 1142 2803 Berdam
1179 2749 1182 2753 “

128 2821 285 2904 quendam
316 2820 407 2884 misit
438 2842 477 2883 ex
509 2821 636 2902 amicis,
672 2821 728 2903 qui
759 2820 964 2887 denuntiaret
995 2823 1067 2908 his,
1100 2847 1143 2891 ne

129 2908 254 2972 Tanain
278 2929 405 2971 amnem
428 2907 553 2972 iniussu
576 2907 662 2992 regis
684 2910 869 2974 transirent.
909 2909 1025 2974 Eidem
1048 2934 1143 2978 man·

129 2997 254 3079 datum,
276 2999 314 3060 ut
332 2997 603 3079 contemplaretur
625 2995 770 3061 locorum
790 2997 888 3061 situm
907 3000 940 3062 et
961 2999 1038 3063 illos
1062 3022 1144 3085 quo·

130 3107 189 3169 que
223 3082 375 3167 Scythas,
411 3084 467 3168 qui
504 3105 598 3167 super
630 3083 812 3166 Bosporum
849 3086 973 3169 colunt,
1009 3087 1143 3155 viseret

77 3193 110 3242 13
131 3170 322 3238 Condendae
350 3172 422 3236 urbi
452 3170 559 3236 sedem
590 3192 686 3254 super
707 3172 812 3256 ripam
836 3173 957 3238 Tanais
986 3174 1144 3262 elegerat,

129 3262 308 3325 claustrum
332 3262 365 3324 et
386 3260 452 3323 iam
475 3259 727 3342 perdomitorum
752 3263 784 3324 et
812 3265 890 3342 quot
912 3261 1027 3326 deinde
1051 3264 1145 3331 adire

130 3350 322 3415 decreverat.
368 3345 430 3411 Sed
454 3347 624 3412 consilium
649 3347 777 3411 distulit
800 3347 1036 3433 Sogdianorum
1058 3373 1145 3421 nun·

76 3457 110 3507 14
129 3439 212 3503 tiata
226 3435 373 3520 defectio,
393 3457 473 3520 quae
486 3434 677 3499 Bactrianos
697 3457 824 3519 quoque
842 3436 952 3502 traxit.
983 3455 1034 3502 vn
1048 3439 1147 3507 milia

130 3527 276 3610 equitum
291 3528 391 3607 erant,
409 3545 546 3608 quorum
561 3522 787 3588 auctoritatem
802 3526 899 3589 ceteri
913 3526 1147 3609 sequebantur.
