2408 3944
153 159 196 222 98
528 155 560 221 Q.
579 156 689 211 CURTI
706 157 792 211 RUFI

154 303 258 366 cultus
284 300 421 385 vestigio
449 301 581 365 attoniti
602 300 811 364 intuebantur
833 302 878 382 et,
910 303 1084 382 antequam
1106 300 1164 364 lux

154 409 278 472 quoque
311 391 343 452 et
374 389 496 451 caelum
527 388 614 471 ipsos
643 388 825 471 deficerent,
856 388 973 451 reverti
998 386 1165 452 iubebant.

101 498 135 545 14
152 476 222 540 Rex
251 476 409 560 castigare
435 477 564 540 territos
592 475 782 558 supersedit:
819 478 960 539 ceterum
986 475 1054 556 ipse
1078 495 1163 557 equo

153 564 282 628 desiluit
309 564 468 646 pedesque
496 585 552 647 per
578 563 667 627 nives
695 567 728 627 et
750 567 931 627 concretam
954 562 1089 646 glaciem
1112 563 1163 626 in·

153 652 243 735 gredi
275 652 389 735 coepit
433 650 641 715 Erubuerunt
670 672 737 715 non
772 651 861 733 sequi
891 650 1030 732 primum
1057 650 1164 734 amici,

153 739 266 803 deinde
289 739 453 822 copiarum
472 738 576 820 duces,
599 737 640 801 ad
656 739 805 801 ultimum
823 738 954 801 milites:
975 737 1163 821 primusque

152 849 208 890 rex
230 827 363 890 dolabra
385 826 522 910 glaciem
543 825 744 910 perfringens
767 826 829 889 iter
851 825 913 889 sibi
936 824 1024 906 fecit,
1057 846 1162 888 exem-

103 934 134 982 15
153 915 240 1014 plum
269 915 354 998 regis
378 918 427 978 cet
413 915 474 977 teri
496 914 614 977 imitati
636 916 719 977 sunt.
764 912 907 976 Tandem
929 911 1163 995 propemodum

152 1002 257 1066 invias
290 1002 386 1065 silvas
419 1002 540 1065 emensi
571 1001 704 1065 humani
733 1001 837 1065 cultus
864 1022 938 1064 rara
963 999 1102 1083 vestigia
1129 1003 1163 1064 et

152 1089 272 1187 passim
296 1092 439 1152 errantes
458 1109 609 1169 pecorum
627 1109 740 1173 greges
759 1108 934 1171 repperere.
964 1087 1010 1150 At
1027 1087 1164 1188 incolae,

154 1176 209 1257 qui
232 1176 352 1257 sparsis
375 1175 514 1258 tuguriis
536 1176 738 1258 habitabant,
761 1197 833 1239 curn
856 1197 890 1239 se
912 1174 1074 1238 callibus
1064 1174 1163 1239 mviis

154 1265 282 1344 saeptos
301 1283 370 1326 esse
385 1262 600 1344 credidissent,
623 1271 660 1326 ut
673 1283 865 1345 conspexere
878 1261 1019 1326 hostium
1035 1282 1164 1346 agmen,

152 1349 339 1432 interfectis
363 1350 417 1433 qui
440 1350 587 1413 comitari
608 1350 767 1433 fugientes
786 1372 852 1414 non
870 1351 1028 1432 poterant,
1051 1348 1162 1413 devios

102 1459 134 1506 16
153 1439 280 1501 montes
303 1440 336 1500 et
357 1437 484 1501 nivibus
508 1436 628 1500 obsitos
651 1437 842 1518 petiverunt.
883 1435 962 1499 Inde
985 1457 1043 1518 per
1064 1437 1161 1501 collo·

154 1524 229 1607 quia
260 1525 458 1606 captivorum
489 1525 645 1606 paulatim
674 1525 800 1588 feritate
828 1525 977 1608 mitigata
1002 1522 1163 1588 tradidere

154 1633 187 1674 00
210 1613 288 1695 regi.
331 1610 399 1676 Nec
421 1613 457 1674 in
479 1611 603 1676 deditos
626 1612 754 1696 gravius
777 1612 967 1675 consultum.

102 1720 134 1767 17
241 1698 386 1763 Vastatis
412 1699 487 1762 inde
514 1700 601 1784 agris
622 1699 761 1763 Persidis
789 1700 929 1783 vicisque
953 1697 1162 1781 conpluribus

153 1786 290 1850 redactis
309 1787 343 1850 in
361 1789 556 1870 potestatem
573 1790 704 1850 ventum
721 1790 770 1851 est
783 1787 818 1850 in
830 1785 1016 1850 Mardorum
1030 1788 1161 1869 gentem

152 1874 339 1939 bellicosam
361 1878 394 1938 et
416 1876 554 1939 multum
583 1897 602 1938 a
624 1875 737 1938 ceteris
758 1875 864 1937 Persis
888 1875 975 1937 cultu
998 1873 1083 1936 vitae
1107 1873 1160 1937 ab·

153 1961 346 2026 horrentem.
392 1960 511 2044 Specus
538 1963 573 2025 in
595 1963 758 2026 montibus
785 1962 924 2043 fodiunt,
950 1962 986 2024 in
1009 1982 1089 2043 quos
1113 1982 1161 2025 se·

154 2070 216 2131 que
249 2070 285 2112 ac
316 2050 469 2133 conjuges
502 2053 534 2112 et
564 2050 682 2113 liberos
715 2049 865 2113 condunt.
917 2046 1073 2112 Pecorum
1105 2051 1163 2113 aut

103 2157 135 2204 18
153 2134 294 2198 ferarum
316 2156 411 2199 carne
433 2139 613 2199 vescuntur.
650 2134 700 2199 Ne
721 2135 850 2198 feminis
874 2134 999 2218 quidem
1022 2156 1081 2218 pro
1105 2156 1161 2199 na·

153 2225 244 2284 turae
270 2222 383 2284 habitu
405 2222 553 2286 molliora
574 2223 704 2306 ingenia
726 2225 813 2286 sunt:
843 2244 953 2286 comae
976 2223 1164 2304 prominent

103 2330 135 2378 19
153 2307 271 2390 hirtae,
300 2309 397 2372 vestis
426 2330 521 2391 super
543 2329 648 2392 genua
670 2312 726 2373 est.
771 2308 885 2372 Funda
907 2310 1052 2374 vinciunt
1073 2310 1163 2374 fron·

154 2400 233 2460 tem:
264 2396 326 2460 hoc
354 2400 387 2460 et
416 2399 639 2461 ornamentum
668 2396 781 2479 capitis
811 2399 843 2460 et
869 2397 969 2460 telum
996 2401 1053 2460 est.
1099 2395 1163 2462 Sed

154 2485 238 2548 hanc
269 2506 394 2569 quoque
424 2486 554 2568 gentem
582 2485 667 2548 idem
693 2484 841 2548 fortunae
868 2484 1005 2566 impetus
1029 2483 1163 2550 domuit

102 2572 266 2655 caltaque
292 2572 453 2637 tricesimo
481 2572 544 2653 die,
575 2575 745 2655 postquam
774 2593 793 2634 a
814 2570 978 2655 Persepoli
998 2571 1163 2653 profectus

154 2663 232 2740 erat,
255 2659 365 2723 eodem
388 2658 490 2723 rediit.
526 2659 622 2723 Dona
644 2659 756 2722 deinde
780 2659 890 2722 amicis
909 2659 1083 2741 ceterisque
1101 2680 1162 2742 pro

154 2746 307 2828 cuiusque
329 2746 443 2810 merito
462 2746 561 2810 dedit:
583 2748 814 2830 propemodum
832 2747 949 2829 omnia,
971 2747 1104 2831 quaein
1123 2768 1164 2810 ea

152 2832 231 2896 urbe
255 2835 395 2916 ceperat,
418 2832 596 2897 distributa

154 3203 265 3245 omnes
297 3203 390 3266 reges
417 3183 601 3265 antecessit,
632 3182 721 3246 illam
750 3184 785 3245 in
814 3180 984 3246 subeundis
1010 3179 1162 3261 periculis

154 3269 383 3352 constantiam,
413 3271 447 3333 in
472 3271 568 3334 rebus
594 3269 763 3334 moliendis
786 3267 1023 3349 efficiendisque
1045 3268 1162 3334 veloci-

153 3360 268 3438 tatem,
299 3358 334 3421 in
364 3357 487 3422 deditos
512 3359 620 3440 fidem,
652 3358 686 3420 in
716 3356 858 3439 captivos
885 3355 1100 3439 clementiam,
1126 3358 1161 3423 in

153 3445 371 3529 voluptatibus
407 3445 569 3528 permissis
601 3466 727 3528 quoquc
759 3447 792 3507 et
822 3442 949 3507 usitatis
980 3446 1160 3528 temperan-

117 3534 247 3617 2tiam,
273 3533 359 3598 haud
385 3533 544 3598 tolerabili
571 3533 639 3598 vini
665 3531 839 3616 cupiditate
860 3530 1013 3597 foedavit.
1056 3532 1160 3597 Hoste
