2444 3908
82 184 84 188 Α
139 129 203 192 126
514 128 546 193 Q.
566 128 676 183 CURTI
694 127 778 183 RUFI

138 277 244 338 tortos
263 294 372 336 rursus
395 271 542 336 inserunt
561 276 678 336 terraer
701 270 775 336 inde
793 273 882 336 velut
902 293 940 336 ex
959 271 1024 335 alia
1041 270 1156 336 radico

86 373 119 423 11
138 361 290 426 laetiores
313 360 420 423 virent
442 361 556 424 trunci.
603 359 685 441 Hos,
715 381 779 443 qua
801 363 918 423 natura
941 359 1019 440 fert,
1043 358 1156 424 adole·

138 470 226 514 scere
248 470 314 513 non
342 448 466 530 sinunt,
495 449 615 531 quippe
639 448 738 512 alium
765 447 821 512 alii
847 448 940 531 quasi
965 469 1050 511 nexu
1079 469 1157 512 oon-

138 539 262 600 serunt:
295 535 349 618 qui
381 536 437 600 ubi
469 537 571 601 multa
597 535 711 600 fronde
739 535 849 600 vestiti
877 539 965 618 sunt,
997 535 1155 618 operiunt

136 629 267 688 terram.
312 624 426 707 Itaque
455 624 572 688 occulti
598 645 764 688 ramorum
791 623 880 688 velut
907 624 1014 706 laquei
1038 644 1156 708 perpe·

88 727 119 774 11
137 717 195 777 tua
219 733 315 795 saepe
329 712 390 776 iter
404 712 545 776 cludunt.
582 711 655 776 Una
667 712 753 777 ratio
769 715 838 776 erat
852 711 1011 775 caedendo
1025 712 1157 794 aperire

138 801 272 882 saltum,
301 800 357 881 sed
385 799 446 865 hoe
475 821 599 884 quoque
627 801 738 885 magni
761 799 878 883 operis.
924 797 1036 864 Crebri
1059 821 1156 864 nam·

138 911 198 972 que
217 889 293 952 nodi
313 888 508 953 duraverant
527 887 655 972 stipites
675 893 708 953 11
726 888 759 952 in
779 908 812 952 se
830 887 979 970 inplicati
997 887 1157 952 arborum
1208 940 1214 949 .

137 977 220 1041 rami
247 976 409 1058 suspensis
437 976 564 1040 circulis
596 976 717 1041 similes
749 978 836 1041 lento
868 975 985 1041 vimine
1012 973 1156 1040 frustra·

86 1065 256 1129 rebantur
287 1065 379 1127 ictus
424 1062 554 1128 Incolae
590 1068 699 1128 autem
736 1065 801 1129 ritu
832 1064 973 1128 ferarum
1005 1063 1155 1147 virgulta

137 1153 246 1217 subire
275 1151 362 1215 soliti
390 1153 459 1214 tum
483 1173 609 1234 quoque
636 1153 836 1217 intraverant
856 1152 978 1216 saltum
1001 1151 1155 1216 occultis-

137 1261 198 1323 que
225 1240 300 1302 telis
328 1238 456 1302 hostem
485 1239 695 1304 lacessebant.
747 1239 807 1304 Ille
836 1239 1023 1304 venantium
1053 1240 1156 1305 modo
1171 1228 1206 1298 l'l

137 1327 275 1391 latibula
294 1330 455 1390 scrutatus
474 1327 645 1410 plerosquo
663 1327 816 1392 confodit.
852 1327 904 1391 Ad
922 1327 1072 1390 ultimum
1093 1329 1156 1394 oir-

138 1415 257 1478 cumire
284 1434 339 1478 rea
367 1415 486 1479 saltum
514 1414 636 1478 milites
664 1415 767 1497 iubet,
794 1417 844 1496 ut,
873 1415 900 1478 si
928 1436 992 1498 qua
1014 1417 1158 1500 pateret,

86 1505 118 1555 18
137 1502 367 1584 inrumperent.
413 1501 475 1566 Sed
507 1503 628 1585 ignotis
661 1503 739 1566 loeis
772 1502 917 1586 plerique
945 1503 1157 1589 oberrabant,

138 1589 325 1672 exceptique
353 1594 429 1654 sunt
457 1591 601 1673 quidam,
633 1591 718 1654 inter
746 1612 826 1674 quos
859 1611 959 1673 equus
992 1591 1079 1682 regis
1112 1630 1152 1641 -

137 1676 359 1761 Bucephalam
381 1679 599 1743 vocabant-
625 1700 720 1763 quem
744 1678 926 1743 Alexander
948 1700 1014 1742 non
1038 1680 1156 1746 codem

138 1787 200 1849 quo
230 1771 353 1831 ceteras
382 1765 519 1849 pecudea
543 1767 651 1832 animo
674 1766 877 1831 aestimabat.
922 1766 1070 1850 Namque
1094 1769 1156 1834 ille

138 1876 197 1919 nec
221 1855 256 1918 in
280 1854 376 1919 dorso
399 1855 538 1920 insidere
562 1877 619 1920 suo
642 1856 827 1937 patiebatur
851 1855 950 1919 alium
974 1857 1007 1919 et
1029 1875 1155 1940 regem,

95 1987 97 1992 »
139 1965 211 2007 cum
230 1943 328 2008 vellet
347 1943 525 2027 ascendere,
548 1947 660 2027 sponte
680 1964 784 2028 genua
802 1943 994 2006 submittens
1013 1944 1154 2027 excipie-

87 2043 119 2091 11
138 2032 196 2096 bat
215 2031 466 2114 credebaturque
485 2032 614 2112 sentiro,
633 2053 726 2114 quem
747 2031 885 2095 veheret.
920 2031 1043 2094 Maiore
1062 2052 1155 2118 ergo,

139 2141 235 2202 quam
259 2119 406 2201 decebat,
434 2120 483 2182 ira
510 2119 606 2182 simul
631 2140 668 2182 aa
691 2118 800 2182 dolore
824 2119 1007 2184 stimulatus
1031 2141 1153 2203 equum

138 2206 293 2288 vestigari
330 2206 421 2269 iubet
457 2208 489 2269 ot
524 2227 581 2288 per
617 2207 826 2288 interpretem
861 2206 1080 2291 pronuntiari,
1118 2211 1153 2274 ni

138 2293 366 2376 reddidissent,
392 2293 553 2356 neminem
581 2315 651 2358 esso
678 2294 845 2357 victurum.
888 2292 959 2358 Hac
982 2294 1153 2362 denuntia·

88 2393 122 2441 20
140 2381 229 2445 tione
252 2380 359 2445 territi
381 2402 454 2445 cum
477 2381 591 2445 ceteris
615 2381 707 2446 donis
731 2402 847 2465 equum
871 2382 1040 2446 adducunt.
1086 2383 1152 2450 Sed

139 2492 179 2534 ne
203 2469 248 2534 sic
271 2469 398 2553 quidem
422 2468 592 2552 mitigatus
615 2469 705 2534 caedi
723 2469 822 2548 silvas
841 2469 932 2533 iubet
950 2469 1153 2556 adgestaque

138 2558 237 2623 humo
253 2580 269 2622 1
285 2558 449 2623 montibus
464 2558 632 2641 planitiem
646 2558 745 2622 ramis
760 2558 936 2641 inpeditam
951 2561 1153 2644 exaggerari.

32 2700 35 2705 .
85 2657 119 2705 21
138 2644 209 2710 Iam
231 2648 266 2710 in
290 2646 490 2730 aliquantum
510 2645 691 2710 altitudinis
709 2667 789 2729 opus
809 2650 961 2730 creverat,
985 2668 1057 2712 cum
1077 2649 1151 2715 bar-

140 2734 223 2815 bari,
252 2733 419 2816 desperato
448 2735 625 2818 regionem,
654 2755 749 2817 quam
778 2737 1026 2818 occupaverant,
1053 2759 1152 2820 posse

139 2821 280 2904 retineri,
298 2824 427 2904 gentem
447 2843 536 2885 suam
557 2821 713 2886 dedidere.
744 2821 813 2886 Rex
828 2822 993 2886 obsidibus
1008 2826 1152 2907 acceptis

138 2909 293 2972 Phradati
316 2930 428 2992 parere
452 2931 506 2973 eos
530 2909 635 2973 iussit.

85 3009 119 3059 22
226 2995 304 3060 Inde
328 2998 442 3080 quinto
465 2997 517 3061 die
536 2997 570 3060 in
589 2998 708 3061 stativa
728 2997 910 3062 revertitur.
951 2998 1152 3066 Artabazum
1164 2997 1206 3062 18

88 3084 101 3123 -'·
139 3085 251 3149 deinde
285 3086 449 3170 geminato
477 3086 613 3168 honore,
646 3106 740 3168 quem
766 3083 891 3149 Dareus
920 3085 1081 3152 habuerat
1112 3091 1153 3174 ei,

138 3173 276 3238 remittit
304 3173 443 3239 domum.
488 3172 558 3237 Iam
587 3173 627 3237 ad
654 3174 767 3238 urbem
794 3171 992 3256 Hyrcaniae,
1023 3175 1058 3239 in
1085 3198 1153 3260 qua

139 3262 228 3346 regia
251 3260 349 3325 Darei
371 3262 447 3344 fuit,
472 3265 602 3327 rentum
621 3265 704 3325 orat:
725 3261 771 3325 ibi
789 3258 996 3326 Nabarzanes
1016 3268 1153 3348 accepta

86 3352 119 3400 ‘23
138 3351 200 3414 fide
219 3349 359 3415 occurrit
377 3349 461 3414 dona
480 3351 624 3434 ingentia
641 3349 755 3414 ferens.
800 3346 891 3412 Inter
914 3370 995 3431 quae
1018 3350 1153 3436 Bagoas

140 3442 222 3523 erat,
245 3438 351 3522 speeie
374 3438 532 3523 singulari
556 3437 656 3523 spado
680 3441 778 3521 atquo
800 3436 834 3500 in
857 3437 929 3520 ipso
949 3438 1027 3503 flore
1046 3442 1154 3523 pueri·

138 3529 216 3614 tiae,
243 3526 295 3591 cui
322 3531 354 3590 et
382 3526 505 3591 Dareus
533 3525 684 3590 adsuetus
711 3525 818 3600 fuerat
846 3529 878 3589 et
905 3546 980 3590 mox
1008 3525 1152 3595 Alexan·
